@article{Ribal2019,
    title = {{33 years of globally calibrated wave height and wind speed data based on altimeter observations}},
    year = {2019},
    journal = {Scientific Data},
    author = {Ribal, Agustinus and Young, Ian R.},
    number = {1},
    month = {12},
    pages = {77},
    volume = {6},
    doi = {10.1038/s41597-019-0083-9},
    issn = {2052-4463},
    pmid = {31217446}
}

@article{Brandt2009,
    title = {{A cooperative multi-agency reef fish monitoring protocol for the Florida Keys coral reef ecosystem}},
    year = {2009},
    journal = {Natural resource report NPS/SFCN/NRR ; 2009/150},
    author = {Brandt, Marilyn E and Zurcher, Natalia and Acosta, Alejandro and Ault, Jerald S and Bohnsack, James a and Feeley, Michael Walter and Harper, Douglas E and Hunt, John H and Kellison, G Todd and McClellan, David B and Patterson, Matt E and Smith, Steven G and {Southeast Fisheries Science Center (U.S.)} and {Fish and Wildlife Research Institute (Florida)} and {Rosenstiel School of Marine and Atmospheric Science.} and {United States. National Park Service.}},
    number = {September 2014},
    pages = {Electronic text document (128 p.)},
    keywords = {Coral reef conservation Florida Florida Keys., Coral reef ecology Monitoring Florida Florida Keys, Coral reef fishes Habitat Monitoring Florida Flori, Coral reef fishes Monitoring Florida Florida Keys., Coral reef management Florida Florida Keys., Corporations, Government United States., Marine ecosystem management Florida Florida Keys.}
}

@article{Neumann1957,
    title = {{A detailed comparison of theoretical wave spectra and wave forecasting methods}},
    year = {1957},
    journal = {Deutsche Hydrographische Zeitschrift},
    author = {Neumann, G. and Pierson, W. J.},
    number = {4},
    month = {7},
    pages = {134--146},
    volume = {10},
    doi = {10.1007/BF02020059},
    issn = {0012-0308}
}

@misc{Gilhousen1987,
    title = {{A Field Evaluation of NDBC Moored Buoy Winds}},
    year = {1987},
    booktitle = {Journal of Atmospheric and Oceanic Technology},
    author = {Gilhousen, David B.},
    number = {1},
    pages = {94--104},
    volume = {4},
    doi = {10.1175/1520-0426(1987)004<0094:afeonm>2.0.co;2},
    issn = {0739-0572}
}

@article{Hanley2010,
    title = {{A Global climatology of wind-wave interaction}},
    year = {2010},
    journal = {Journal of Physical Oceanography},
    author = {Hanley, Kirsty E. and Belcher, Stephen E. and Sullivan, Peter P.},
    number = {6},
    pages = {1263--1282},
    volume = {40},
    doi = {10.1175/2010JPO4377.1},
    issn = {00223670},
    keywords = {Climatology, Wind, Wind waves}
}

@article{Chen2002,
    title = {{A global view of swell and wind sea climate in the ocean by satellite altimeter and scatterometer}},
    year = {2002},
    journal = {Journal of Atmospheric and Oceanic Technology},
    author = {Chen, Ge and Chapron, Bertrand and Ezraty, Robert and Vandemark, Douglas},
    doi = {10.1175/1520-0426(2002)019<1849:AGVOSA>2.0.CO;2},
    issn = {07390572}
}

@misc{Kuik1988,
    title = {{A Method for the Routine Analysis of Pitch-and-Roll Buoy Wave Data}},
    year = {1988},
    booktitle = {Journal of Physical Oceanography},
    author = {Kuik, A. J. and van Vledder, G. Ph and Holthuijsen, L. H.},
    number = {7},
    pages = {1020--1034},
    volume = {18},
    doi = {10.1175/1520-0485(1988)018<1020:amftra>2.0.co;2},
    issn = {0022-3670}
}

@article{Andreas2012,
    title = {{A New Drag Relation for Aerodynamically Rough Flow over the Ocean}},
    year = {2012},
    journal = {Journal of the Atmospheric Sciences},
    author = {Andreas, Edgar L. and Mahrt, Larry and Vickers, Dean},
    number = {8},
    month = {8},
    pages = {2520--2537},
    volume = {69},
    doi = {10.1175/JAS-D-11-0312.1},
    issn = {0022-4928},
    keywords = {Air-sea interaction, Fluxes, Hurricanes/typhoons, Oceanic, Tropical cyclones, Waves, Wind stress}
}

@article{athanas1995,
    title = {{A nonstationary stochastic model for long-term time series of significant wave height}},
    year = {1995},
    journal = {Journal of Geophysical Research},
    author = {Athanassoulis, G A and Stefanakos, Ch N},
    number = {C8},
    pages = {16149},
    volume = {100},
    doi = {10.1029/94JC01022},
    issn = {0148-0227}
}

@article{Pierson1964,
    title = {{A proposed spectral form for fully developed wind seas based on the similarity theory of S. A. Kitaigorodskii}},
    year = {1964},
    journal = {Journal of Geophysical Research},
    author = {Pierson, Willard J. and Moskowitz, Lionel},
    number = {24},
    month = {12},
    pages = {5181--5190},
    volume = {69},
    doi = {10.1029/JZ069i024p05181},
    issn = {01480227}
}

@article{Hwang1998,
    title = {{A statistical comparison of wind speed, wave height, and wave period derived from satellite altimeters and ocean buoys in the Gulf of Mexico region}},
    year = {1998},
    journal = {Journal of Geophysical Research: Oceans},
    author = {Hwang, Paul A. and Teague, William J. and Jacobs, Gregg A. and Wang, David W.},
    number = {C5},
    pages = {10451--10468},
    volume = {103},
    doi = {10.1029/98jc00197},
    issn = {21699291}
}

@article{Gourrion2002,
    title = {{A two-parameter wind speed algorithm for Ku-band altimeters}},
    year = {2002},
    journal = {Journal of Atmospheric and Oceanic Technology},
    author = {Gourrion, J. and Vandemark, Douglas C. and Bailey, S. and Chapron, B. and Gommenginger, G. P. and Challenor, P. G. and Srokosz, M. A.},
    number = {12},
    pages = {2030--2048},
    volume = {19},
    doi = {10.1175/1520-0426(2002)019<2030:ATPWSA>2.0.CO;2},
    issn = {07390572}
}

@inproceedings{Abdalla2014,
    title = {{Active techniques for wind and wave observations: radar altimeter}},
    year = {2014},
    booktitle = {Seminar on Use of Satellite Observations in Numerical Weather Prediction, 8-12 September 2014},
    author = {Abdalla, Saleh},
    number = {September},
    pages = {1--18},
    url = {https://www.ecmwf.int/node/7618}
}

@article{Bryant2016,
    title = {{An Exploration of Wind Stress Calculation Techniques in Hurricane Storm Surge Modeling}},
    year = {2016},
    journal = {Journal of Marine Science and Engineering},
    author = {Bryant, Kyra and Akbar, Muhammad},
    number = {3},
    month = {9},
    pages = {58},
    volume = {4},
    doi = {10.3390/jmse4030058},
    issn = {2077-1312},
    keywords = {Air-sea interaction, Air-sea momentum flux, Drag coefficient, Estuarine and coastal modeling, Hurricane intensity, Hydrodynamic modeling, Storm surge, Tropical cyclone, Wave modeling, Wind stress}
}

@article{DOLAN1992,
    title = {{An intensity scale for Atlantic Coast northeast storms}},
    year = {1992},
    journal = {Journal of Coastal Research},
    author = {DOLAN, R and DAVIS, R.},
    issn = {0749-0208},
    keywords = {America, Amplitude, Atlantic Ocean, Classification, Cluster analysis, Coastal zone, Cyclone tropical, Duration, Dur{\'{e}}e, Energie, Energy, Hauteur, Height, Houle, North America, North Atlantic, North Carolina, Storm, Swell, Temp{\^{e}}te, Tropical cyclone, United States, Weather forecast}
}

@article{DOLAN1992b,
    title = {{An intensity scale for Atlantic Coast northeast storms}},
    year = {1992},
    journal = {Journal of Coastal Research},
    author = {DOLAN, R and DAVIS, R.},
    issn = {0749-0208},
    keywords = {America, Amplitude, Atlantic Ocean, Classification, Cluster analysis, Coastal zone, Cyclone tropical, Duration, Dur{\'{e}}e, Energie, Energy, Hauteur, Height, Houle, North America, North Atlantic, North Carolina, Storm, Swell, Temp{\^{e}}te, Tropical cyclone, United States, Weather forecast}
}

@article{Wang2001,
    title = {{An operational method for separating wind sea and swell from ocean wave spectra}},
    year = {2001},
    journal = {Journal of Atmospheric and Oceanic Technology},
    author = {Wang, David W. and Hwang, Paul A.},
    number = {12},
    pages = {2052--2062},
    volume = {18},
    doi = {10.1175/1520-0426(2001)018<2052:AOMFSW>2.0.CO;2},
    issn = {07390572}
}

@article{Harris2020,
    title = {{Array programming with NumPy}},
    year = {2020},
    journal = {Nature},
    author = {Harris, Charles R. and Millman, K. Jarrod and van der Walt, Stéfan J. and Gommers, Ralf and Virtanen, Pauli and Cournapeau, David and Wieser, Eric and Taylor, Julian and Berg, Sebastian and Smith, Nathaniel J. and Kern, Robert and Picus, Matti and Hoyer, Stephan and van Kerkwijk, Marten H. and Brett, Matthew and Haldane, Allan and del R{\'{i}}o, Jaime Fernández and Wiebe, Mark and Peterson, Pearu and G{\'{e}}rard-Marchant, Pierre and Sheppard, Kevin and Reddy, Tyler and Weckesser, Warren and Abbasi, Hameer and Gohlke, Christoph and Oliphant, Travis E.},
    number = {7825},
    pages = {357--362},
    volume = {585},
    publisher = {Springer US},
    doi = {10.1038/s41586-020-2649-2},
    issn = {14764687},
    pmid = {32939066},
    arxivId = {2006.10256}
}

@article{Ault2013,
    title = {{Assessing coral reef fish population and community changes in response to marine reserves in the dry tortugas, Florida, USA}},
    year = {2013},
    journal = {Fisheries Research},
    author = {Ault, Jerald S. and Smith, Steven G. and Bohnsack, James A. and Luo, Jiangang and Zurcher, Natalia and McClellan, David B. and Ziegler, Tracy A. and Hallac, David E. and Patterson, Matt and Feeley, Michael W. and Ruttenberg, Benjamin I. and Hunt, John and Kimball, Dan and Causey, Billy},
    pages = {28--37},
    volume = {144},
    publisher = {Elsevier B.V.},
    doi = {10.1016/j.fishres.2012.10.007},
    issn = {01657836},
    keywords = {Coral reefs, Florida Keys, Lutjanus analis, Marine reserves, Mycteroperca bonaci, Sustainable fisheries}
}

@article{Sepulveda2015,
    title = {{Assessment of SARAL/AltiKa Wave Height Measurements Relative to Buoy, Jason-2, and Cryosat-2 Data}},
    year = {2015},
    journal = {Marine Geodesy},
    author = {Sepulveda, Hector Hito and Queffeulou, Pierre and Ardhuin, Fabrice},
    pages = {449--465},
    volume = {38},
    doi = {10.1080/01490419.2014.1000470},
    issn = {1521060X},
    keywords = {AltiKa, Radar altimeter, SARAL, satellite, significant wave height, validation}
}

@article{Hanson2001a,
    title = {{Automated analysis of ocean surface directional wave spectra}},
    year = {2001},
    journal = {Journal of Atmospheric and Oceanic Technology},
    author = {Hanson, J. L. and Phillips, O. M.},
    number = {2},
    pages = {277--293},
    volume = {18},
    doi = {10.1175/1520-0426(2001)018<0277:AAOOSD>2.0.CO;2},
    issn = {07390572}
}

@techreport{Mertz2017,
    title = {{Baseline-C CryoSat Ocean Processor}},
    year = {2017},
    author = {Mertz, F. and Dumont, J. P. and Urien, S.},
    pages = {54},
    url = {https://earth.esa.int/documents/10174/125272/CryoSat-Baseline-C-Ocean-Product-Handbook}
}

@article{Liu1979,
    title = {{Bulk Parameterization of Air-Sea Exchanges of Heat and Water Vapor Including the Molecular Constraints at the Interface}},
    year = {1979},
    journal = {Journal of the Atmospheric Sciences},
    author = {Liu, W. Timothy and Katsaros, Kristina B. and Businger, Joost A.},
    number = {9},
    month = {9},
    pages = {1722--1735},
    volume = {36},
    doi = {10.1175/1520-0469(1979)036<1722:BPOASE>2.0.CO;2},
    issn = {0022-4928}
}

@article{Steele1998,
    title = {{Buoy pitch and roll computed using three angular rate sensors}},
    year = {1998},
    journal = {Coastal Engineering},
    author = {Steele, K.E. and Wang, D.W. and Earle, M.D. and Michelena, E.D. and Dagnall, R.J.},
    number = {1-2},
    month = {10},
    pages = {123--139},
    volume = {35},
    doi = {10.1016/S0378-3839(98)00025-8},
    issn = {03783839},
    keywords = {Buoy system, Data buoy, Dynamic response, Instrumentation, Sensor, Wave property}
}

@article{Young2017,
    title = {{Calibration and cross validation of a global wind and wave database of altimeter, radiometer, and scatterometer measurements}},
    year = {2017},
    journal = {Journal of Atmospheric and Oceanic Technology},
    author = {Young, Ian R. and Sanina, E. and Babanin, A. V.},
    number = {6},
    pages = {1285--1306},
    volume = {34},
    doi = {10.1175/JTECH-D-16-0145.1},
    issn = {15200426},
    keywords = {Altimetry, Remote sensing, Satellite observations, Wind, Wind waves}
}

@article{Barthelmie2003,
    title = {{Can satellite sampling of offshore wind speeds realistically represent wind speed distributions?}},
    year = {2003},
    journal = {Journal of Applied Meteorology},
    author = {Barthelmie, R. J. and Pryor, S. C.},
    doi = {10.1175/1520-0450(2003)042<0083:CSSOOW>2.0.CO;2},
    issn = {08948763}
}

@article{Tournadre2009,
    title = {{Cloud and rain effects on AltiKa/SARAL ka-band radar altimeter-part I: Modeling and mean annual data availability}},
    year = {2009},
    journal = {IEEE Transactions on Geoscience and Remote Sensing},
    author = {Tournadre, Jean and Lambin-Artru, Juliette and Steunou, Nathalie},
    number = {6},
    pages = {1806--1817},
    volume = {47},
    doi = {10.1109/TGRS.2008.2010130},
    issn = {01962892},
    keywords = {Geophysical parameter estimates, Ka-band altimeter, Rain and cloud impact}
}

@book{Vignudelli2011,
    title = {{Coastal altimetry}},
    year = {2011},
    booktitle = {Coastal Altimetry},
    author = {Vignudelli, Stefano and Kostianoy, Andrey G. and Cipollini, Paolo and Benveniste, Jérôme},
    isbn = {9783642127953},
    doi = {10.1007/978-3-642-12796-0}
}

@article{Smith1988,
    title = {{Coefficients for sea surface wind stress, heat flux, and wind profiles as a function of wind speed and temperature}},
    year = {1988},
    journal = {Journal of Geophysical Research},
    author = {Smith, Stuart D.},
    number = {C12},
    pages = {15467},
    volume = {93},
    doi = {10.1029/JC093iC12p15467},
    issn = {0148-0227},
    keywords = {doi:10.1029/JC093iC12p15467, http://dx.doi.org/10.1029/JC093iC12p15467}
}

@article{Meucci2020,
    title = {{Comparison of wind speed and wave height trends from twentieth-century models and satellite altimeters}},
    year = {2020},
    journal = {Journal of Climate},
    author = {Meucci, Alberto and Young, Ian R. and Aarnes, Ole Johan and Breivik, Øyvind},
    number = {2},
    pages = {611--624},
    volume = {33},
    doi = {10.1175/JCLI-D-19-0540.1},
    issn = {08948755}
}

@book{Commision2014,
    title = {{Consolidated Version Version}},
    year = {2014},
    author = {Commision, International Electrotechnical},
    pages = {410},
    isbn = {9782832222621}
}

@techreport{ESA2019,
    title = {{CryoSat-2 Product Handbook}},
    year = {2019},
    author = {{ESA}},
    pages = {58},
    url = {https://earth.esa.int/documents/10174/125272/CryoSat-Baseline-D-Product-Handbook}
}

@article{Baseline,
    title = {{CryoSat-2 Product Handbook, Baseline D 1.1}},
    journal = {Esa},
    author = {Baseline, D}
}

@book{Thomson2014,
    title = {{Data Analysis Methods in Physical Oceanography: Third Edition}},
    year = {2014},
    booktitle = {Data Analysis Methods in Physical Oceanography: Third Edition},
    author = {Thomson, Richard E. and Emery, William J.},
    pages = {1--716},
    isbn = {9780123877833},
    doi = {10.1016/C2010-0-66362-0}
}

@article{McKinney2010,
    title = {{Data Structures for Statistical Computing in Python}},
    year = {2010},
    journal = {Proceedings of the 9th Python in Science Conference},
    author = {McKinney, Wes},
    number = {Scipy},
    pages = {51--56},
    volume = {1697900},
    url = {http://conference.scipy.org/proceedings/scipy2010/mckinney.html},
    issn = {0440877763224},
    pmid = {1000224767}
}

@article{Zhao2019,
    title = {{Dependence of wind stress across an air–sea interface on wave states}},
    year = {2019},
    journal = {Journal of Oceanography},
    author = {Zhao, Dongliang and Li, Moxin},
    number = {3},
    month = {6},
    pages = {207--223},
    volume = {75},
    isbn = {0123456789},
    doi = {10.1007/s10872-018-0494-9},
    issn = {0916-8370},
    keywords = {Drag coefficient, Sea-surface roughness, Wave age, Wave steepness, Wind speed, Wind waves}
}

@incollection{Goda2010a,
    title = {{Description of Random Sea Waves}},
    year = {2010},
    booktitle = {Random Seas and Design of Maritime Structures},
    author = {Goda, Yoshimi},
    chapter = {8},
    edition = {3rd},
    month = {6},
    pages = {357--368},
    publisher = {World Scientific},
    isbn = {978-981-3101-02-9},
    doi = {10.1142/9789814282413{\_}0009}
}

@article{Hsu1994a,
    title = {{Determining the Power-Law Wind-Profile Exponent under Near-Neutral Stability Conditions at Sea}},
    year = {1994},
    journal = {Journal of Applied Meteorology},
    author = {Hsu, S. A. and Meindl, Eric A. and Gilhousen, David B.},
    number = {6},
    month = {6},
    pages = {757--765},
    volume = {33},
    doi = {10.1175/1520-0450(1994)033<0757:DTPLWP>2.0.CO;2},
    issn = {0894-8763}
}

@article{Hallac2013,
    title = {{Development of a collaborative science plan to evaluate the conservation efficacy of a no-fishing, no-anchor marine reserve in Dry Tortugas National Park, Florida, USA}},
    year = {2013},
    journal = {Fisheries Research},
    author = {Hallac, David E. and Hunt, John H. and Morrison, Douglas and Clarke, Alice and Ziegler, Tracy A. and Sharp, William C. and Johnson, Robert},
    pages = {15--22},
    volume = {144},
    publisher = {Elsevier B.V.},
    doi = {10.1016/j.fishres.2012.09.014},
    issn = {01657836},
    keywords = {Connectivity, Fisheries conservation, Florida Keys, Marine reserve}
}

@article{Glazman1990,
    title = {{Effects of sea maturity on satellite altimeter measurements}},
    year = {1990},
    journal = {Journal of Geophysical Research},
    author = {Glazman, Roman E. and Pilorz, Stuart H.},
    number = {C3},
    pages = {2857},
    volume = {95},
    doi = {10.1029/JC095iC03p02857},
    issn = {0148-0227},
    keywords = {doi:10.1029/JC095iC03p02857, http://dx.doi.org/10.1029/JC095iC03p02857}
}

@article{Nencioli2019,
    title = {{Evaluation of Sentinel-3A wave height observations near the coast of southwest England}},
    year = {2019},
    journal = {Remote Sensing},
    author = {Nencioli, Francesco and Quartly, Graham D.},
    number = {24},
    volume = {11},
    doi = {10.3390/rs11242998},
    issn = {20724292},
    keywords = {Coastal altimetry, SAR, SRAL, Satellite altimetry, Sentinel-3A, Significant wave height, Southwest England, Validation, Wave buoy observations}
}

@article{Special2010,
    title = {{Evaluation of Wind Statistics and Energy Resources in Southern RI Coastal Waters}},
    year = {2010},
    author = {Grilli, A., Spaulding, M.L., Crosby, A. and Sharma, R.},
    pages = {1--52},
    url = {https://seagrant.gso.uri.edu/oceansamp/pdf/appendix/20-AGrilliEvalWindStat.pdf}
}

@article{Monaldo1988,
    title = {{Expected differences between buoy and radar altimeter estimates of wind speed and significant wave height and their implications on buoy-altimeter comparisons}},
    year = {1988},
    journal = {Journal of Geophysical Research},
    author = {Monaldo, F.},
    number = {C3},
    pages = {2285--2302},
    volume = {93},
    doi = {10.1029/JC093iC03p02285},
    issn = {01480227},
    keywords = {http://dx.doi.org/10.1029/JC093iC03p02285, doi:10.}
}

@incollection{Young1999b,
    title = {{Fetch and Duration Limited Growth}},
    year = {1999},
    booktitle = {Wind Generated Ocean Waves},
    editor = {Young, Ian R.},
    chapter = {5},
    edition = {1st},
    pages = {83--131},
    publisher = {Elsevier},
    doi = {10.1016/S1571-9952(99)80007-5}
}

@article{Dolan2012,
    title = {{Florida Fall}},
    year = {2012},
    journal = {Education},
    author = {Dolan, Robert and Davis, Robert E},
    number = {4},
    pages = {840--853},
    volume = {8}
}

@article{Raynal2018,
    title = {{From conventional to Delay Doppler altimetry: A demonstration of continuity and improvements with the Cryosat-2 mission}},
    year = {2018},
    journal = {Advances in Space Research},
    author = {Raynal, M. and Labroue, S. and Moreau, T. and Boy, F. and Picot, N.},
    number = {6},
    month = {9},
    pages = {1564--1575},
    volume = {62},
    doi = {10.1016/j.asr.2018.01.006},
    issn = {02731177},
    keywords = {CalVal, Cryosat-2, Delay Doppler altimetry, Open ocean, SARM altimetry}
}

@misc{Murphy2020,
    title = {{GeoStat-Framework/PyKrige v1.5.1}},
    year = {2020},
    booktitle = {Zenodo},
    author = {Murphy, Benjamin and M{\"{u}}ller, Sebastian and Yurchak, Roman},
    doi = {10.5281/zenodo.3991907}
}

@article{Timmermans2020,
    title = {{Global Wave Height Trends and Variability from New Multimission Satellite Altimeter Products, Reanalyses, and Wave Buoys}},
    year = {2020},
    journal = {Geophysical Research Letters},
    author = {Timmermans, B. W. and Gommenginger, C. P. and Dodet, G. and Bidlot, J. R.},
    number = {9},
    volume = {47},
    doi = {10.1029/2019GL086880},
    issn = {19448007},
    keywords = {Altimetry, Dataset intercomparison, Satellite wave observations, Sea state, Trends, Wave height}
}

@book{Organization1998,
    title = {{Guide to Wave Analysis and Forecasting}},
    year = {1998},
    booktitle = {WMO-No. 702},
    author = {Organization, World Meteoroligcal},
    number = {702},
    pages = {1--109},
    volume = {1998},
    isbn = {9263127026}
}

@book{Organization1998a,
    title = {{Guide to Wave Analysis and Forecasting}},
    year = {2018},
    booktitle = {WMO-No. 702},
    author = {Organization, World Meteoroligcal},
    number = {702},
    pages = {1--210},
    volume = {2018},
    url = {https://library.wmo.int/index.php?lvl=notice_display&id=7700},
    isbn = {978-92-63-10702-2}
}

@techreport{Data2009,
    title = {{Handbook of Automated Data Quality Control Checks and Procedures}},
    year = {2009},
    booktitle = {Time},
    author = {{National Data Buoy Center}},
    number = {August},
    pages = {1--78},
    volume = {09-02},
    url = {http://www.ndbc.noaa.gov/NDBCHandbookofAutomatedDataQualityControl2009.pdf}
}

@book{Fingas2014,
    title = {{Handbook of Oil Spill Science and Technology}},
    year = {2015},
    booktitle = {Handbook of Oil Spill Science and Technology},
    author = {Fingas, Merv},
    editor = {Fingas, Merv},
    month = {11},
    pages = {1--693},
    publisher = {John Wiley {\&} Sons, Inc},
    url = {http://doi.wiley.com/10.1002/9781118989982},
    address = {Hoboken, NJ},
    isbn = {9781118989982},
    doi = {10.1002/9781118989982}
}

@techreport{Walck2007,
    title = {{Handbook on Statistical Distributions for Experimentalists}},
    year = {2007},
    author = {Walck, Christian},
    number = {Internal Report SUF–PFY/96–01},
    pages = {190},
    url = {https://archive.org/details/HandbookOnStatisticalDistributionsForExperimentalists},
    institution = {University of Stockholm}
}

@article{Genton1998,
    title = {{Highly Robust Variogram Estimation}},
    year = {1998},
    journal = {Mathematical Geology},
    author = {Genton, Marc G.},
    doi = {10.1023/A:1021728614555},
    issn = {08828121},
    keywords = {Breakdown point, Influence function, M-estimator, Robust variogram, Scale estimation, Spatial statistics}
}

@article{Gilhousen2001,
    title = {{Improved estimates of swell from moored buoys}},
    year = {2001},
    journal = {Proceedings of the International Symposium on Ocean Wave Measurement and Analysis},
    author = {Gilhousen, David B. and Hervey, Rex},
    number = {2001},
    pages = {387--393},
    volume = {1},
    doi = {10.1061/40604(273)40}
}

@article{Boas2019,
    title = {{Integrated observations of global surface winds, currents, and waves: Requirements and challenges for the next decade}},
    year = {2019},
    journal = {Frontiers in Marine Science},
    author = {B{\^{o}}as, Ana B.Villas and Ardhuin, Fabrice and Ayet, Alex and Bourassa, Mark A. and Brandt, Peter and Chapron, Betrand and Cornuelle, Bruce D. and Farrar, J. T. and Fewings, Melanie R. and Fox-Kemper, Baylor and Gille, Sarah T. and Gommenginger, Christine and Heimbach, Patrick and Hell, Momme C. and Li, Qing and Mazloff, Matthew R. and Merrifield, Sophia T. and Mouche, Alexis and Rio, Marie H. and Rodriguez, Ernesto and Shutler, Jamie D. and Subramanian, Aneesh C. and Terrill, Eric J. and Tsamados, Michel and Ubelmann, Clement and Sebille, Erik van},
    number = {JUL},
    pages = {1--34},
    volume = {6},
    doi = {10.3389/fmars.2019.00425},
    issn = {22967745},
    keywords = {Absolute surface velocity, Air-sea interactions, Doppler oceanography from space, Ocean surface winds, Surface waves}
}

@techreport{Jason32018,
    title = {{Jason-3 Products Handbook}},
    year = {2018},
    author = {Picot, N. and Marechal, C. and Couhert, A. and Desai, S. and Scharroo, R. and Egido, A.},
    url = {https://www.ospo.noaa.gov/Products/documents/hdbk_j3.pdf}
}

@article{Zieger2009,
    title = {{Joint calibration of multiplatform altimeter measurements of wind speed and wave height over the past 20 Years}},
    year = {2009},
    journal = {Journal of Atmospheric and Oceanic Technology},
    author = {Zieger, S. and Vinoth, J. and Young, I. R.},
    number = {12},
    pages = {2549--2564},
    volume = {26},
    doi = {10.1175/2009JTECHA1303.1},
    issn = {07390572}
}

@article{Abdalla2007,
    title = {{Ku-Band Radar Altimeter Surface Wind Speed Algorithm}},
    year = {2012},
    journal = {Marine Geodesy},
    author = {Abdalla, S.},
    number = {sup1},
    month = {12},
    pages = {276--298},
    volume = {35},
    doi = {10.1080/01490419.2012.718676},
    issn = {0149-0419}
}

@incollection{Webster2007,
    title = {{Local Estimation or Prediction: Kriging}},
    year = {2007},
    booktitle = {Geostatistics for Environmental Scientists},
    author = {Webster, Richard and Oliver, Margaret A.},
    pages = {153--194},
    publisher = {John Wiley {\&} Sons, Ltd},
    address = {Chichester, UK},
    doi = {10.1002/9780470517277.ch8}
}

@article{Queffeulou2004,
    title = {{Long-term validation of wave height measurements from altimeters}},
    year = {2004},
    journal = {Marine Geodesy},
    author = {Queffeulou, Pierre},
    number = {3-4},
    pages = {495--510},
    volume = {27},
    doi = {10.1080/01490410490883478},
    issn = {01490419},
    keywords = {Altimeters, Validation, Wave height}
}

@article{Graphics2007,
    title = {{Matplotlib: A 2D Graphics Environment}},
    year = {2007},
    journal = {Computing in Science {\&} Engineering},
    author = {Hunter, John D.},
    number = {3},
    pages = {90--95},
    volume = {9},
    doi = {10.1109/MCSE.2007.55},
    issn = {1521-9615}
}

@article{Lygre1986,
    title = {{Maximum Entropy Estimation of the Directional Distribution in Ocean Wave Spectra}},
    year = {1986},
    journal = {Journal of Physical Oceanography},
    author = {Lygre, Asle and Krogstad, Harald E.},
    number = {12},
    month = {12},
    pages = {2052--2060},
    volume = {16},
    doi = {10.1175/1520-0485(1986)016<2052:MEEOTD>2.0.CO;2},
    issn = {0022-3670}
}

@article{Cox1954,
    title = {{Measurement of the Roughness of the Sea Surface from Photographs of the Sun’s Glitter}},
    year = {1954},
    journal = {Journal of the Optical Society of America},
    author = {Cox, Charles and Munk, Walter},
    number = {11},
    pages = {838},
    volume = {44},
    doi = {10.1364/josa.44.000838},
    issn = {0030-3941}
}

@article{Hasselmann1973,
    title = {{Measurements of wind-wave growth and swell decay during the joint North Sea wave project (JONSWAP).}},
    year = {1973},
    author = {Hasselmann, K. and Barnett, T. P. and Bouws, E. and Carlson, H. and Cartwright, D. E. and Eake, K. and Euring, J. A. and Gicnapp, A. and Hasselmann, D. E. and Kruseman, P. and Meerburg, A. and Mullen, P. and Olbers, D. J. and Richren, K. and Sell, W. and Walden, H.},
    number = {July 2015}
}

@book{Hauser2005,
    title = {{Measuring and analysing the directional spectra of ocean waves - Cost Action 714}},
    year = {2005},
    author = {Hauser, Danièle and Kahma, Kimmo and Krogstad, Harald E and Lehner, Susanne and Monbaliu, Jaak A J and Wyatt, Lucy R},
    isbn = {9289800038}
}

@techreport{DNVGL2018,
    title = {{Metocean Characterization Recommended Practices for U. S. Offshore Wind Energy}},
    year = {2018},
    author = {{DNVGL}},
    number = {August},
    url = {https://www.boem.gov/sites/default/files/environmental-stewardship/Environmental-Studies/Renewable-Energy/Metocean-Recommended-Practices.pdf}
}

@misc{Malicke2020,
    title = {{mmaelicke/scikit-gstat: Version 0.3}},
    year = {2020},
    booktitle = {Zenodo},
    author = {M{\"{a}}licke, Mirko and Schneider, Helge David and Badger, Codacy},
    doi = {10.5281/zenodo.4065199}
}

@book{LiuYonggang2011,
    title = {{Monitoring and modeling the Deepwater Horizon oil spill: A record breaking enterprise}},
    year = {2013},
    booktitle = {Monitoring and Modeling the Deepwater Horizon Oil Spill: A Record Breaking Enterprise},
    author = {Liu, Yonggang and MacFadyen, Amy and Ji, Zhen Gang and Weisberg, Robert H.},
    editor = {Liu, Yonggang and MacFadyen, Amy and Ji, Zhen-Gang and Weisberg, Robert H.},
    pages = {1--271},
    series = {Geophysical Monograph Series},
    volume = {195},
    publisher = {American Geophysical Union},
    url = {http://doi.wiley.com/10.1029/GM195},
    address = {Washington, D. C.},
    isbn = {9781118666753},
    doi = {10.1029/GM195}
}

@article{Vose2014,
    title = {{Monitoring and Understanding Changes in Extremes: Extratropical Storms, Winds, and Waves}},
    year = {2014},
    journal = {Bulletin of the American Meteorological Society},
    author = {Vose, Russell S. and Applequist, Scott and Bourassa, Mark A. and Pryor, Sara C. and Barthelmie, Rebecca J. and Blanton, Brian and Bromirski, Peter D. and Brooks, Harold E. and DeGaetano, Arthur T. and Dole, Randall M. and Easterling, David R. and Jensen, Robert E. and Karl, Thomas R. and Katz, Richard W. and Klink, Katherine and Kruk, Michael C. and Kunkel, Kenneth E. and MacCracken, Michael C. and Peterson, Thomas C. and Shein, Karsten and Thomas, Bridget R. and Walsh, John E. and Wang, Xiaolan L. and Wehner, Michael F. and Wuebbles, Donald J. and Young, Robert S.},
    number = {3},
    month = {3},
    pages = {377--386},
    volume = {95},
    doi = {10.1175/BAMS-D-12-00162.1},
    issn = {1520-0477}
}

@article{Service2018,
    title = {{Natural Resource Condition Assessment Olympic National Park}},
    year = {2018},
    author = {Service, National Park},
    number = {November}
}

@techreport{Earle1996,
    title = {{Nondirectional and Directional Wave Data Analysis Procedures. NDBC Technical Document 96-01}},
    year = {1996},
    author = {Earle, M D},
    number = {January},
    volume = {002},
    url = {https://www.ndbc.noaa.gov/wavemeas.pdf},
    institution = {National Data Buoy Center}
}

@inproceedings{longuet1963,
    title = {{Observations of the directional spectrum of sea waves using the motions of a floating buoy}},
    year = {1963},
    booktitle = {Ocean Wave Spectra},
    author = {Longuet-Higgins, M. S. and Cartwright, D. E. and Smith, N. D.},
    pages = {111--136},
    address = {Prentice-Hall, Inc., Englewood Cliffs, N. J.}
}

@article{Ardhuin2019,
    title = {{Observing sea states}},
    year = {2019},
    journal = {Frontiers in Marine Science},
    author = {Ardhuin, Fabrice and Stopa, Justin E. and Chapron, Bertrand and Collard, Fabrice and Husson, Romain and Jensen, Robert E. and Johannessen, Johnny and Mouche, Alexis and Passaro, Marcello and Quartly, Graham D. and Swail, Val and Young, Ian},
    number = {APR},
    pages = {1--29},
    volume = {6},
    doi = {10.3389/fmars.2019.00124},
    issn = {22967745},
    keywords = {Altimeter, Buoy, Microseisms, Remote sensing, SAR, Sea state, Swell, Waves}
}

@incollection{Robinson2010,
    title = {{Ocean surface waves}},
    year = {2010},
    booktitle = {Discovering the Ocean from Space},
    author = {Robinson, Ian S.},
    pages = {293--332},
    publisher = {Springer Berlin Heidelberg},
    address = {Berlin, Heidelberg},
    doi = {10.1007/978-3-540-68322-3{\_}8}
}

@incollection{Young1999a,
    title = {{Ocean Wave Measurement}},
    year = {1999},
    booktitle = {Wind Generated Ocean Waves},
    editor = {Young, Ian R.},
    chapter = {9},
    edition = {1st},
    pages = {227--254},
    publisher = {Elsevier},
    isbn = {978-0-08-043317-2},
    doi = {10.1016/S1571-9952(99)80011-7}
}

@article{Ardhuin2019a,
    title = {{Ocean waves in geosciences}},
    year = {2019},
    author = {Ardhuin, F.},
    pages = {277},
    doi = {10.13140/RG.2.2.16019.78888/5},
    issn = {00445851}
}

@incollection{Neill2018,
    title = {{Offshore Wind}},
    year = {2018},
    booktitle = {Fundamentals of Ocean Renewable Energy},
    author = {Neill, Simon P. and Hashemi, M. Reza},
    pages = {83--106},
    publisher = {Elsevier},
    doi = {10.1016/B978-0-12-810448-4.00004-5}
}

@article{Hasager2015,
    title = {{Offshore wind climatology based on synergetic use of Envisat ASAR, ASCAT and QuikSCAT}},
    year = {2015},
    journal = {Remote Sensing of Environment},
    author = {Hasager, Charlotte B. and Mouche, Alexis and Badger, Merete and Bing{\"{o}}l, Ferhat and Karagali, Ioanna and Driesenaar, Tilly and Stoffelen, Ad and Pe{\~{n}}a, Alfredo and Long{\'{e}}p{\'{e}}, Nicolas},
    doi = {10.1016/j.rse.2014.09.030},
    issn = {00344257},
    keywords = {ASCAT, Northern Europe, Offshore wind, QuikSCAT, Resource, SAR, Wind energy}
}

@article{Edson2013,
    title = {{On the exchange of momentum over the open ocean}},
    year = {2013},
    journal = {Journal of Physical Oceanography},
    author = {Edson, James B. and Jampana, Venkata and Weller, Robert A. and Bigorre, Sebastien P. and Plueddemann, Albert J. and Fairall, Christopher W. and Miller, Scott D. and Mahrt, Larry and Vickers, Dean and Hersbach, Hans},
    number = {8},
    pages = {1589--1610},
    volume = {43},
    doi = {10.1175/JPO-D-12-0173.1},
    issn = {15200485}
}

@article{Lillibridge2014,
    title = {{One-and two-dimensional wind speed models for ka-band altimetry}},
    year = {2014},
    journal = {Journal of Atmospheric and Oceanic Technology},
    author = {Lillibridge, John and Scharroo, Remko and Abdalla, Saleh and Vandemark, Doug},
    number = {3},
    pages = {630--638},
    volume = {31},
    doi = {10.1175/JTECH-D-13-00167.1},
    issn = {15200426}
}

@article{Large1981,
    title = {{Open Ocean Momentum Flux Measurements in Moderate to Strong Winds}},
    year = {1981},
    journal = {Journal of Physical Oceanography},
    author = {Large, W. G. and Pond, S.},
    number = {3},
    month = {3},
    pages = {324--336},
    volume = {11},
    doi = {10.1175/1520-0485(1981)011<0324:OOMFMI>2.0.CO;2},
    issn = {0022-3670}
}

@article{Munk2010,
    title = {{ORIGIN AND GENERATION OF WAVES}},
    year = {2010},
    journal = {Coastal Engineering Proceedings},
    author = {Munk, Walter H.},
    number = {1},
    month = {5},
    pages = {1},
    volume = {1},
    doi = {10.9753/icce.v1.1},
    issn = {2156-1028}
}

@article{Halimi2013,
    title = {{Parameter estimation for peaky altimetric waveforms}},
    year = {2013},
    journal = {IEEE Transactions on Geoscience and Remote Sensing},
    author = {Halimi, Abderrahim and Mailhes, Corinne and Tourneret, Jean Yves and Thibaut, Pierre and Boy, Francois},
    number = {3},
    pages = {1568--1577},
    volume = {51},
    publisher = {IEEE},
    doi = {10.1109/TGRS.2012.2205697},
    issn = {01962892},
    keywords = {Brown model, Cram{\'{e}}r-Rao bounds (CRBs), coastal altimetry, maximum likelihood (ML), peaks}
}

@article{Drennan2005,
    title = {{Parameterizing the sea surface roughness}},
    year = {2005},
    journal = {Journal of Physical Oceanography},
    author = {Drennan, William M. and Taylor, Peter K. and Yelland, Margaret J.},
    number = {5},
    pages = {835--848},
    volume = {35},
    doi = {10.1175/JPO2704.1},
    issn = {00223670}
}

@article{Pierson1955,
    title = {{Practical methods for observing and forecasting ocean waves by means of wave spectra and statistics}},
    year = {1955},
    journal = {Naval Oceanographic Office Nstl Station Ms.},
    author = {Pierson, Willard J. and Neumann, G. and James, R.W.},
    keywords = {ALTITUDE, CORRECTIONS, DEEP WATER, DIAGRAMS, FRICTION, HANDBOOKS, MOTION, OCEAN WAVES, PERIODIC VARIATIONS, POWER SPECTRA, PREDICTIONS, REFRACTION, SHIPS, STATISTICAL ANALYSIS, STORMS, WEATHER FORECASTING, WIND}
}

@article{Andreas2007,
    title = {{Predicting significant wave height off the northeast coast of the United States}},
    year = {2007},
    journal = {Ocean Engineering},
    author = {Andreas, Edgar L. and Wang, Sinny},
    number = {8-9},
    pages = {1328--1335},
    volume = {34},
    doi = {10.1016/j.oceaneng.2006.08.004},
    issn = {00298018},
    keywords = {Buoy data, Fully developed sea, Ocean waves, Significant wave height, Wave modeling}
}

@article{Carter1982,
    title = {{Prediction of wave height and period for a constant wind velocity using the JONSWAP results}},
    year = {1982},
    journal = {Ocean Engineering},
    author = {Carter, D. J.T.},
    doi = {10.1016/0029-8018(82)90042-7},
    issn = {00298018}
}

@article{Soukissian2014,
    title = {{Probabilistic modeling of directional and linear characteristics of wind and sea states}},
    year = {2014},
    journal = {Ocean Engineering},
    author = {Soukissian, Takvor H.},
    month = {11},
    pages = {91--110},
    volume = {91},
    doi = {10.1016/j.oceaneng.2014.08.018},
    issn = {00298018},
    keywords = {Directional statistics, Joint directional distribution, Wave height, Wind and wave direction, Wind and wave energy, Wind speed}
}

@article{Morgan2011,
    title = {{Probability distributions for offshore wind speeds}},
    year = {2011},
    journal = {Energy Conversion and Management},
    author = {Morgan, Eugene C. and Lackner, Matthew and Vogel, Richard M. and Baise, Laurie G.},
    number = {1},
    pages = {15--26},
    volume = {52},
    publisher = {Elsevier Ltd},
    doi = {10.1016/j.enconman.2010.06.015},
    issn = {01968904},
    keywords = {Extreme wind, Mixture distribution, Probability distribution, Weibull distribution, Wind speed, Wind turbine energy output}
}

@article{Meinig2019,
    title = {{Public private partnerships to advance regional ocean observing capabilities: A saildrone and NOAA-PMEL case study and future considerations to expand to global scale observing}},
    year = {2019},
    journal = {Frontiers in Marine Science},
    author = {Meinig, Christian and Burger, Eugene F. and Cohen, Nora and Cokelet, Edward D. and Cronin, Meghan F. and Cross, Jessica N. and De Halleux, Sebastien and Jenkins, Richard and Jessup, Andrew T. and Mordy, Calvin W. and Lawrence-Slavas, Noah and Sutton, Adrienne J. and Zhang, Dongxiao and Zhang, Chidong},
    doi = {10.3389/fmars.2019.00448},
    issn = {22967745},
    keywords = {Autonomous surface platform, Essential climate variables (ECVs), Global observing system, NOAA, Ocean observation, PMEL, Public Private Partnership (PPP), Saildrone, Surface essential ocean variables, Unmanned surface vehicle (USV)}
}

@article{Hussain2019,
    title = {{pyMannKendall: a python package for non parametric Mann Kendall family of trend tests.}},
    year = {2019},
    journal = {Journal of Open Source Software},
    author = {Hussain, Md. and Mahmud, Ishtiak},
    number = {39},
    month = {7},
    pages = {1556},
    volume = {4},
    doi = {10.21105/joss.01556},
    issn = {2475-9066}
}

@book{goda1390,
    title = {{Random Seas and Design of Maritime Structures}},
    year = {2010},
    author = {Goda, Yoshimi},
    month = {6},
    series = {Advanced Series on Ocean Engineering},
    volume = {33},
    publisher = {World Scientific},
    isbn = {978-981-4282-39-0},
    doi = {10.1142/7425}
}

@book{OB2011,
    title = {{Range and geophysical corrections in coastal regions: and implications for mean sea surface determination}},
    year = {2011},
    booktitle = {Coastal Altimetry},
    author = {OB, Andersen and R, Scharroo},
    pages = {19--50},
    url = {http://weekly.cnbnews.com/news/article.html?no=124000},
    isbn = {9783642127953}
}

@incollection{Gommenginger2011,
    title = {{Retracking Altimeter Waveforms Near the Coasts}},
    year = {2011},
    booktitle = {Coastal Altimetry},
    author = {Gommenginger, C. and Thibaut, P. and Fenoglio-Marc, L. and Quartly, G. and Deng, X. and G{\'{o}}mez-Enri, J. and Challenor, P. and Gao, Y.},
    editor = {Vignudelli, Stefano and Kostianoy, Andrey G. and Cipollini, Paolo and Benveniste, Jérôme},
    pages = {61--101},
    publisher = {Springer Berlin Heidelberg},
    address = {Berlin, Heidelberg},
    isbn = {978-3-642-12795-3},
    doi = {10.1007/978-3-642-12796-0{\_}4}
}

@article{Cressie1980,
    title = {{Robust estimation of the variogram: I}},
    year = {1980},
    journal = {Journal of the International Association for Mathematical Geology},
    author = {Cressie, Noel and Hawkins, Douglas M.},
    number = {2},
    month = {4},
    pages = {115--125},
    volume = {12},
    doi = {10.1007/BF01035243},
    issn = {0020-5958}
}

@techreport{Bronner2013,
    title = {{SARAL / AltiKa Products Handbook}},
    year = {2013},
    author = {Bronner, E. and Guillot, A. and Picot, N},
    pages = {76},
    url = {https://www.aviso.altimetry.fr/fileadmin/documents/data/tools/SARAL_Altika_products_handbook.pdf}
}

@incollection{Chelton2001,
    title = {{Satellite Altimetry}},
    year = {2001},
    booktitle = {Satellite Altimetry and Earth Sciences: A Handbook of Techniques and Applications},
    author = {Chelton, Dudley B. and Ries, John C. and Haines, Bruce J. and Fu, Lee-Lueng and Callahan, Philip S.},
    chapter = {1},
    pages = {1--131},
    publisher = {Elsevier},
    doi = {10.1016/S0074-6142(01)80146-7}
}

@book{Stammer2017,
    title = {{Satellite altimetry over oceans and land surfaces}},
    year = {2017},
    booktitle = {Satellite Altimetry Over Oceans and Land Surfaces},
    author = {Stammer, Detlef and Cazenave, Anny},
    isbn = {9781498743464},
    doi = {10.1201/9781315151779}
}

@article{Varoquaux2015,
    title = {{Scikit-learn: Machine Learning in Python}},
    year = {2015},
    journal = {Journal of Machine Learning Research},
    author = {Varoquaux, G. and Buitinck, L. and Louppe, G. and Grisel, O. and Pedregosa, F. and Mueller, A.},
    number = {1},
    pages = {29--33},
    volume = {19},
    doi = {10.1145/2786984.2786995},
    issn = {2375-0529}
}

@article{Virtanen2020,
    title = {{SciPy 1.0: fundamental algorithms for scientific computing in Python}},
    year = {2020},
    journal = {Nature Methods},
    author = {Virtanen, Pauli and Gommers, Ralf and Oliphant, Travis E. and Haberland, Matt and Reddy, Tyler and Cournapeau, David and Burovski, Evgeni and Peterson, Pearu and Weckesser, Warren and Bright, Jonathan and van der Walt, Stéfan J. and Brett, Matthew and Wilson, Joshua and Millman, K. Jarrod and Mayorov, Nikolay and Nelson, Andrew R.J. and Jones, Eric and Kern, Robert and Larson, Eric and Carey, C. J. and Polat, İlhan and Feng, Yu and Moore, Eric W. and VanderPlas, Jake and Laxalde, Denis and Perktold, Josef and Cimrman, Robert and Henriksen, Ian and Quintero, E. A. and Harris, Charles R. and Archibald, Anne M. and Ribeiro, Antônio H. and Pedregosa, Fabian and van Mulbregt, Paul and Vijaykumar, Aditya and Bardelli, Alessandro Pietro and Rothberg, Alex and Hilboll, Andreas and Kloeckner, Andreas and Scopatz, Anthony and Lee, Antony and Rokem, Ariel and Woods, C. Nathan and Fulton, Chad and Masson, Charles and H{\"{a}}ggstr{\"{o}}m, Christian and Fitzgerald, Clark and Nicholson, David A. and Hagen, David R. and Pasechnik, Dmitrii V. and Olivetti, Emanuele and Martin, Eric and Wieser, Eric and Silva, Fabrice and Lenders, Felix and Wilhelm, Florian and Young, G. and Price, Gavin A. and Ingold, Gert Ludwig and Allen, Gregory E. and Lee, Gregory R. and Audren, Hervé and Probst, Irvin and Dietrich, Jörg P. and Silterra, Jacob and Webber, James T. and Slavi{\v{c}}, Janko and Nothman, Joel and Buchner, Johannes and Kulick, Johannes and Sch{\"{o}}nberger, Johannes L. and de Miranda Cardoso, José Vinícius and Reimer, Joscha and Harrington, Joseph and Rodr{\'{i}}guez, Juan Luis Cano and Nunez-Iglesias, Juan and Kuczynski, Justin and Tritz, Kevin and Thoma, Martin and Newville, Matthew and K{\"{u}}mmerer, Matthias and Bolingbroke, Maximilian and Tartre, Michael and Pak, Mikhail and Smith, Nathaniel J. and Nowaczyk, Nikolai and Shebanov, Nikolay and Pavlyk, Oleksandr and Brodtkorb, Per A. and Lee, Perry and McGibbon, Robert T. and Feldbauer, Roman and Lewis, Sam and Tygier, Sam and Sievert, Scott and Vigna, Sebastiano and Peterson, Stefan and More, Surhud and Pudlik, Tadeusz and Oshima, Takuya and Pingel, Thomas J. and Robitaille, Thomas P. and Spura, Thomas and Jones, Thouis R. and Cera, Tim and Leslie, Tim and Zito, Tiziano and Krauss, Tom and Upadhyay, Utkarsh and Halchenko, Yaroslav O. and V{\'{a}}zquez-Baeza, Yoshiki},
    number = {3},
    pages = {261--272},
    volume = {17},
    doi = {10.1038/s41592-019-0686-2},
    issn = {15487105},
    pmid = {32015543},
    arxivId = {1907.10121}
}

@incollection{Ochi1998,
    title = {{Sea severity}},
    year = {1998},
    booktitle = {Ocean Waves: The Stochastic Approach},
    author = {Ochi, M.},
    month = {3},
    pages = {123--148},
    publisher = {Cambridge University Press},
    doi = {10.1017/CBO9780511529559.006}
}

@incollection{Liu2014,
    title = {{Sea Surface Wind/Stress Vector}},
    year = {2014},
    author = {Liu, W. Timothy and Xie, Xiaosu},
    editor = {Njoku, Eni G.},
    pages = {759--767},
    series = {Encyclopedia of Earth Sciences Series},
    publisher = {Springer New York},
    address = {New York, NY},
    isbn = {978-0-387-36698-2},
    doi = {10.1007/978-0-387-36699-9{\_}168}
}

@article{Young1999c,
    title = {{Seasonal variability of the global ocean wind and wave climate}},
    year = {1999},
    journal = {International Journal of Climatology},
    author = {Young, I.R.},
    number = {9},
    month = {7},
    pages = {931--950},
    volume = {19},
    doi = {10.1002/(SICI)1097-0088(199907)19:9<931::AID-JOC412>3.0.CO;2-O},
    issn = {0899-8418},
    keywords = {Ocean waves and swell, Southern Ocean, Wave climatology, Wind speed and direction, World ocean}
}

@article{Echevarria2019,
    title = {{Seasonal Variability of the Global Spectral Wind Wave Climate}},
    year = {2019},
    journal = {Journal of Geophysical Research: Oceans},
    author = {Echevarria, E. R. and Hemer, M. A. and Holbrook, N. J.},
    number = {4},
    pages = {2924--2939},
    volume = {124},
    doi = {10.1029/2018JC014620},
    issn = {21699291},
    keywords = {CAWCR wave hindcast, EOF, directional wave spectra, global wave climate, seasonal variability, wave modes}
}

@techreport{EUMETSAT2017,
    title = {{Sentinel-3 SRAL Marine User Handbook}},
    year = {2017},
    author = {{EUMETSAT}},
    pages = {55},
    url = {https://earth.esa.int/eogateway/documents/20142/1564943/Sentinel-3-SRAL-Marine-User-Handbook.pdf}
}

@article{Cox1955,
    title = {{Some Quick Sign Tests for Trend in Location and Dispersion}},
    year = {1955},
    journal = {Biometrika},
    author = {Cox, D. R. and Stuart, A.},
    number = {1/2},
    pages = {80},
    volume = {42},
    doi = {10.2307/2333424},
    issn = {00063444}
}

@incollection{Trauth2006,
    title = {{Spatial Data}},
    year = {2006},
    booktitle = {MATLAB{\textregistered} Recipes for Earth Sciences},
    author = {Trauth, Martin H.},
    pages = {151--192},
    publisher = {Springer Berlin Heidelberg},
    address = {Berlin, Heidelberg},
    doi = {10.1007/3-540-27984-9{\_}7}
}

@article{Portilla2009,
    title = {{Spectral partitioning and identification of wind sea and swell}},
    year = {2009},
    journal = {Journal of Atmospheric and Oceanic Technology},
    author = {Portilla, Jesús and Ocampo-Torres, Francisco J. and Monbaliu, Jaak},
    number = {1},
    pages = {107--122},
    volume = {26},
    doi = {10.1175/2008JTECHO609.1},
    issn = {07390572}
}

@article{Leifer2012,
    title = {{State of the art satellite and airborne marine oil spill remote sensing: Application to the BP Deepwater Horizon oil spill}},
    year = {2012},
    journal = {Remote Sensing of Environment},
    author = {Leifer, Ira and Lehr, William J. and Simecek-Beatty, Debra and Bradley, Eliza and Clark, Roger and Dennison, Philip and Hu, Yongxiang and Matheson, Scott and Jones, Cathleen E. and Holt, Benjamin and Reif, Molly and Roberts, Dar A. and Svejkovsky, Jan and Swayze, Gregg and Wozencraft, Jennifer},
    pages = {185--209},
    volume = {124},
    publisher = {Elsevier Inc.},
    url = {http://dx.doi.org/10.1016/j.rse.2012.03.024},
    doi = {10.1016/j.rse.2012.03.024},
    issn = {00344257},
    keywords = {AVIRIS, Airborne remote sensing, CALIPSO, Deepwater Horizon, Expert system, False positives, Fire, Hyperspectral, Laser fluorescence, Lidar, MODIS, Multispectral, Near infrared, Oil slick thickness, Oil spill, Oil water emulsions, Operational readiness, Remote sensing, Satellite, Spill response, Synthetic aperture radar, Technology readiness, Thermal infrared, UAVSAR, Visible spectrum}
}

@article{Li2016,
    title = {{Statistical Analysis of Wave Climate Data Using Mixed Distributions and Extreme Wave Prediction}},
    year = {2016},
    journal = {Energies},
    author = {Li, Wei and Isberg, Jan and Waters, Rafael and Engstr{\"{o}}m, Jens and Svensson, Olle and Leijon, Mats},
    number = {6},
    month = {5},
    pages = {396},
    volume = {9},
    doi = {10.3390/en9060396},
    issn = {1996-1073},
    keywords = {Extreme wave, Mixed-distribution model, Ocean wave modelling, Wave climate, Wave energy converter}
}

@incollection{Goda2010b,
    title = {{Statistical Properties and Spectra of Sea Waves}},
    year = {2010},
    booktitle = {Random Seas and Design of Maritime Structures},
    author = {Goda, Yoshimi},
    chapter = {2},
    edition = {3rd},
    month = {6},
    pages = {19--61},
    publisher = {World Scientific},
    doi = {10.1142/9789814282413{\_}0002}
}

@article{Quilfen2018,
    title = {{Storm waves focusing and steepening in the Agulhas current: Satellite observations and modeling}},
    year = {2018},
    journal = {Remote Sensing of Environment},
    author = {Quilfen, Y. and Yurovskaya, M. and Chapron, B. and Ardhuin, F.},
    number = {July},
    pages = {561--571},
    volume = {216},
    publisher = {Elsevier},
    doi = {10.1016/j.rse.2018.07.020},
    issn = {00344257},
    keywords = {Extreme waves, SAR, Satellite altimeter, Wave-current interactions}
}

@article{Thomson2017,
    title = {{Sustained Measurements of Southern Ocean Air-Sea Coupling from a Wave Glider Autonomous Surface Vehicle}},
    year = {2017},
    journal = {Oceanography},
    author = {Thomson, Jim and Girton, James},
    number = {2},
    month = {6},
    pages = {104--109},
    volume = {30},
    doi = {10.5670/oceanog.2017.228},
    issn = {10428275}
}

@article{DeFarias2012a,
    title = {{Swell and Wind-Sea Distributions over the Mid-Latitude and Tropical North Atlantic for the Period 2002–2008}},
    year = {2012},
    journal = {International Journal of Oceanography},
    author = {de Farias, Eduardo G. G. and Lorenzzetti, João A. and Chapron, Bertrand},
    pages = {1--8},
    volume = {2012},
    doi = {10.1155/2012/306723},
    issn = {1687-9406}
}

@incollection{Goda2010c,
    title = {{Techniques of Irregular Wave Analysis}},
    year = {2010},
    booktitle = {Random Seas and Design of Maritime Structures},
    author = {Goda, Yoshimi},
    chapter = {10},
    edition = {3rd},
    month = {6},
    pages = {433--489},
    publisher = {World Scientific},
    doi = {10.1142/9789814282413{\_}0011}
}

@article{Saldana2002,
    title = {{The advanced scatterometer (ascat) on the meteorological operational (MetOp) platform: A follow on for european wind scatterometers}},
    year = {2002},
    journal = {Canadian Journal of Remote Sensing},
    author = {Figa-Salda{\~{n}}a, J. and Wilson, J. J.W. and Attema, E. and Gelsthorpe, R. and Drinkwater, M. R. and Stoffelen, A.},
    doi = {10.5589/m02-035},
    issn = {17127971}
}

@article{Bonnefond2018,
    title = {{The benefits of the Ka-band as evidenced from the SARAL/AltiKa altimetric mission: Quality assessment and unique characteristics of AltiKa data}},
    year = {2018},
    journal = {Remote Sensing},
    author = {Bonnefond, Pascal and Verron, Jacques and Aublanc, Jérémie and Babu, K. N. and Berg{\'{e}}-Nguyen, Muriel and Cancet, Mathilde and Chaudhary, Aditya and Cr{\'{e}}taux, Jean François and Frappart, Frédéric and Haines, Bruce J. and Laurain, Olivier and Ollivier, Annabelle and Poisson, Jean Christophe and Prandi, Pierre and Sharma, Rashmi and Thibaut, Pierre and Watson, Christopher},
    number = {1},
    volume = {10},
    doi = {10.3390/rs10010083},
    issn = {20724292},
    keywords = {Altimetry, Calibration, Data processing, Ka-band, Validation}
}

@article{KeithRaney1998,
    title = {{The delay/doppler radar altimeter}},
    year = {1998},
    journal = {IEEE Transactions on Geoscience and Remote Sensing},
    author = {Raney, Keith R.},
    number = {5 PART 1},
    pages = {1578--1588},
    volume = {36},
    doi = {10.1109/36.718861},
    issn = {01962892},
    keywords = {Doppler beam sharpening, Radar altimeter, Synthetic aperture radar}
}

@article{Taylor2001,
    title = {{The Dependence of Sea Surface Roughness on the Height and Steepness of the Waves}},
    year = {2001},
    journal = {Journal of Physical Oceanography},
    author = {Taylor, Peter K. and Yelland, Margaret J.},
    number = {2},
    pages = {572--590},
    volume = {31},
    doi = {10.1175/1520-0485(2001)031<0572:TDOSSR>2.0.CO;2},
    issn = {0022-3670}
}

@article{Dibarboure2018,
    title = {{The drifting phase of SARAL: Securing stable ocean mesoscale sampling with an unmaintained decaying altitude}},
    year = {2018},
    journal = {Remote Sensing},
    author = {Dibarboure, Gérald and Lamy, Alain and Pujol, Marie Isabelle and Jettou, Ghita},
    number = {7},
    pages = {1--21},
    volume = {10},
    doi = {10.3390/rs10071051},
    issn = {20724292},
    keywords = {Altimetry, Drifting orbit, Geodetic orbit, Orbit decay}
}

@article{Nielsen1989,
    title = {{The Formation of New England Coastal Fronts}},
    year = {1989},
    journal = {Monthly Weather Review},
    author = {Nielsen, John W.},
    number = {7},
    month = {7},
    pages = {1380--1401},
    volume = {117},
    doi = {10.1175/1520-0493(1989)117<1380:TFONEC>2.0.CO;2},
    issn = {0027-0644}
}

@book{Castellini2011,
    title = {{The Meteorological Buoy and Coastal Marine Automated Network for the United States}},
    year = {1998},
    author = {{National Research Council}},
    number = {17},
    month = {11},
    publisher = {National Academies Press},
    address = {Washington, D.C.},
    isbn = {978-0-309-06088-2},
    doi = {10.17226/6108}
}

@incollection{ODonnell2014,
    title = {{The Physical Oceanography of Long Island Sound}},
    year = {2014},
    booktitle = {Long Island Sound: Prospects for the Urban Sea},
    author = {O'Donnell, James and Wilson, Robert E and Lwiza, Kamazima and Whitney, Michael and Bohlen, W Frank and Codiga, Daniel and Fribance, Diane B and Fake, Todd and Bowman, Malcolm and Varekamp, Johan},
    editor = {Latimer, James S and Tedesco, Mark A and Swanson, R Lawrence and Yarish, Charles and Stacey, Paul E and Garza, Corey},
    pages = {79--158},
    publisher = {Springer New York},
    address = {New York, NY},
    isbn = {978-1-4614-6126-5},
    doi = {10.1007/978-1-4614-6126-5{\_}3}
}

@article{Verron2015,
    title = {{The SARAL/AltiKa Altimetry Satellite Mission}},
    year = {2015},
    journal = {Marine Geodesy},
    author = {Verron, Jacques and Sengenes, Pierre and Lambin, Juliette and Noubel, Jocelyne and Steunou, Nathalie and Guillot, Amandine and Picot, Nicolas and Coutin-Faye, Sophie and Sharma, Rashmi and Gairola, R. M. and Murthy, D. V. A. Raghava and Richman, James G. and Griffin, David and Pascual, Ananda and R{\'{e}}my, Frédérique and Gupta, P. K.},
    number = {sup1},
    month = {9},
    pages = {2--21},
    volume = {38},
    doi = {10.1080/01490419.2014.1000471},
    issn = {0149-0419},
    keywords = {Ocean, altimetry, mission overview, satellite}
}

@incollection{Dowd1984,
    title = {{The Variogram and Kriging: Robust and Resistant Estimators}},
    year = {1984},
    booktitle = {Geostatistics for Natural Resources Characterization},
    author = {Dowd, P. A.},
    pages = {91--106},
    publisher = {Springer Netherlands},
    url = {http://link.springer.com/10.1007/978-94-009-3699-7_6},
    address = {Dordrecht},
    doi = {10.1007/978-94-009-3699-7{\_}6}
}

@article{Grachev2001,
    title = {{Upward Momentum Transfer in the Marine Boundary Layer}},
    year = {2001},
    journal = {Journal of Physical Oceanography},
    author = {Grachev, A. A. and Fairall, C. W.},
    number = {7},
    month = {7},
    pages = {1698--1711},
    volume = {31},
    doi = {10.1175/1520-0485(2001)031<1698:UMTITM>2.0.CO;2},
    issn = {0022-3670}
}

@article{Ahsbahs2020,
    title = {{US East Coast synthetic aperture radar wind atlas for offshore wind energy}},
    year = {2020},
    journal = {Wind Energy Science},
    author = {Ahsbahs, Tobias and Maclaurin, Galen and Draxl, Caroline and Jackson, Christopher R. and Monaldo, Frank and Badger, Merete},
    number = {3},
    month = {9},
    pages = {1191--1210},
    volume = {5},
    doi = {10.5194/wes-5-1191-2020},
    issn = {2366-7451}
}

@article{Earle1999,
    title = {{Use of advanced directional wave spectra analysis methods}},
    year = {1999},
    journal = {Ocean Engineering},
    author = {Earle, M. D. and Steele, K. E. and Wang, D. W.C.},
    number = {12},
    pages = {1421--1434},
    volume = {26},
    isbn = {1703620585},
    doi = {10.1016/S0029-8018(99)00010-4},
    issn = {00298018},
    keywords = {Buoys, Wave data, Wave spectra}
}

@article{Soukissian2013,
    title = {{Use of multi-parameter distributions for offshore wind speed modeling: The Johnson SB distribution}},
    year = {2013},
    journal = {Applied Energy},
    author = {Soukissian, Takvor},
    month = {11},
    pages = {982--1000},
    volume = {111},
    publisher = {Elsevier Ltd},
    doi = {10.1016/j.apenergy.2013.06.050},
    issn = {03062619},
    keywords = {Mediterranean Sea, Offshore wind power, Wind speed distribution}
}

@techreport{WW2019a,
    title = {{User manual and system documentation of WAVEWATCH III R version 6.07}},
    year = {2019},
    booktitle = {Tech. Note 333},
    author = {{The WAVEWATCH Development Group (WW3DG)}},
    url = {https://github.com/NOAA-EMC/WW3/wiki/Manual}
}

@article{Durrant2009,
    title = {{Validation of Jason-1 and Envisat remotely sensed wave heights}},
    year = {2009},
    journal = {Journal of Atmospheric and Oceanic Technology},
    author = {Durrant, Tom H. and Greenslade, Diana J.M. and Simmonds, Ian},
    number = {1},
    pages = {123--134},
    volume = {26},
    doi = {10.1175/2008JTECHO598.1},
    issn = {07390572}
}

@article{Yang2019,
    title = {{Validation of Sentinel-3A/3B satellite altimetry wave heights with buoy and Jason-3 data}},
    year = {2019},
    journal = {Sensors},
    author = {Yang, Jungang and Zhang, Jie},
    number = {13},
    volume = {19},
    doi = {10.3390/s19132914},
    issn = {14248220},
    pmid = {31266206},
    keywords = {Data validation, SRAL, SentinEl-3A, Sentinel-3B, Significant wave height}
}

@article{Loew2017,
    title = {{Validation practices for satellite-based Earth observation data across communities}},
    year = {2017},
    journal = {Reviews of Geophysics},
    author = {Loew, Alexander and Bell, William and Brocca, Luca and Bulgin, Claire E. and Burdanowitz, Jörg and Calbet, Xavier and Donner, Reik V. and Ghent, Darren and Gruber, Alexander and Kaminski, Thomas and Kinzel, Julian and Klepp, Christian and Lambert, Jean Christopher and Schaepman-Strub, Gabriela and Schr{\"{o}}der, Marc and Verhoelst, Tijl},
    number = {3},
    pages = {779--817},
    volume = {55},
    doi = {10.1002/2017RG000562},
    issn = {19449208},
    keywords = {ECV, GCOS, protocol, satellite, traceability, validation}
}

@book{Dean1991,
    title = {{Water Wave Mechanics for Engineers and Scientists}},
    year = {1991},
    author = {Dean, Robert G and Dalrymple, Robert A},
    month = {1},
    series = {Advanced Series on Ocean Engineering},
    volume = {2},
    publisher = {WORLD SCIENTIFIC},
    isbn = {978-981-02-0421-1},
    doi = {10.1142/1232}
}

@article{Cavaleri2018,
    title = {{Wave modelling in coastal and inner seas}},
    year = {2018},
    journal = {Progress in Oceanography},
    author = {Cavaleri, L. and Abdalla, S. and Benetazzo, A. and Bertotti, L. and Bidlot, J. R. and {Breivik} and Carniel, S. and Jensen, R. E. and Portilla-Yandun, J. and Rogers, W. E. and Roland, A. and Sanchez-Arcilla, A. and Smith, J. M. and Staneva, J. and Toledo, Y. and van Vledder, G. Ph and van der Westhuysen, A. J.},
    number = {September 2017},
    pages = {164--233},
    volume = {167},
    doi = {10.1016/j.pocean.2018.03.010},
    issn = {00796611},
    keywords = {Water waves, Wave dynamics, Wave forecasting, Wave measurements, Wave-current interactions, Wind-wave interactions}
}

@incollection{Dean1991a,
    title = {{Wave Statistics and Spectra}},
    year = {1991},
    booktitle = {Water Wave Mechanics for Engineers and Scientists},
    author = {Dean, Robert G. and Dalrymple, Robert A.},
    chapter = {7},
    month = {1},
    pages = {187--211},
    publisher = {World Scientific},
    doi = {10.1142/9789812385512{\_}0007}
}

@article{Husson2019,
    title = {{WAVE Thematic Assembly Centre :}},
    year = {2019},
    author = {Husson, R and Charles, E},
    pages = {1--48}
}

@article{Hanley2008,
    title = {{Wave-Driven Wind Jets in the Marine Atmospheric Boundary Layer}},
    year = {2008},
    journal = {Journal of the Atmospheric Sciences},
    author = {Hanley, Kirsty E. and Belcher, Stephen E.},
    number = {8},
    month = {8},
    pages = {2646--2660},
    volume = {65},
    doi = {10.1175/2007JAS2562.1},
    issn = {1520-0469}
}

@misc{Douglas2019,
    title = {{WavePart v1.1, MATLAB(r) scripts for the partition of 2-D ocean wave spectra and identification of swell and wind wave trains.}},
    year = {2019},
    booktitle = {Zenodo},
    author = {Douglas, C. and Voulgaris, G.},
    doi = {10.5281/zenodo.3495817}
}

@book{Emeis2013,
    title = {{Wind Energy Meteorology}},
    year = {2018},
    booktitle = {Springer},
    author = {Emeis, Stefan},
    pages = {255},
    series = {Green Energy and Technology},
    publisher = {Springer International Publishing},
    address = {Cham},
    isbn = {978-3-319-72858-2},
    doi = {10.1007/978-3-319-72859-9},
    issn = {1113-1114}
}

@book{Young1999,
    title = {{Wind generated ocean waves}},
    year = {1999},
    booktitle = {Elsevier Ocean Engineering Series},
    author = {Young, Ian R.},
    edition = {1st},
    pages = {1--288},
    volume = {2},
    publisher = {Elsevier},
    isbn = {978-0-08-043317-2},
    issn = {1571-9952}
}

@incollection{Ng2016,
    title = {{Wind resources for offshore wind farms}},
    year = {2016},
    booktitle = {Offshore Wind Farms},
    author = {Bailey, B.H.},
    pages = {29--58},
    publisher = {Elsevier},
    isbn = {9780081007792},
    doi = {10.1016/B978-0-08-100779-2.00003-9}
}

@book{Jones2001,
    title = {{Wind Stress over the Ocean}},
    year = {2001},
    booktitle = {Cambridge University Press},
    author = {Jones, Ian S. F. and Toba, Yoshiaki},
    editor = {Jones, Ian S. F. and Toba, Yoshiaki},
    month = {9},
    pages = {307},
    publisher = {Cambridge University Press},
    isbn = {9780521662437},
    doi = {10.1017/CBO9780511552076}
}

@techreport{Commision2019,
    title = {{Wind Turbines - Part 1: Design requirements}},
    year = {2019},
    booktitle = {IEC 61400-1},
    author = {{International Eletrotechnical Commision}},
    pages = {349},
    url = {https://webstore.iec.ch/publication/26423},
    isbn = {978-2-8322-7972-4}
}

@incollection{CsanadyASI2001,
    title = {{Wind Waves and the Mechanisms of Air-Sea Transfer}},
    year = {2001},
    booktitle = {Air-Sea Interaction},
    author = {Csanady, G. T.},
    month = {3},
    pages = {51--96},
    publisher = {Cambridge University Press},
    isbn = {9780521796804},
    doi = {10.1017/CBO9781139164672.002}
}

@article{Sverdrup1947,
    title = {{Wind, Sea, and Swell. Theory of Relations For Forecasting}},
    year = {1947},
    journal = {US Navy Hydrographic Office, Washington, DC.},
    author = {Sverdrup, H.U. and Munk, W.H.},
    number = {601},
    pages = {44},
    isbn = {Hydrogr. Off. Publ., No. 601}
}

@article{Hoyer2017,
    title = {{xarray: N-D labeled Arrays and Datasets in Python}},
    year = {2017},
    journal = {Journal of Open Research Software},
    author = {Hoyer, Stephan and Hamman, Joseph J.},
    pages = {1--6},
    volume = {5},
    doi = {10.5334/jors.148},
    issn = {2049-9647},
    keywords = {data, data analysis, data handling, multidimensional, netcdf, pandas, python}
}

@misc{1520-04931989117-1380-Tfonec-2.0.Co2.Pdf,
    title = {{1520-0493(1989)117-1380-Tfonec-2.0.Co;2.Pdf}}
}

@article{Passaro2014ALES:Altimetry,
    title = {{ALES: A multi-mission adaptive subwaveform retracker for coastal and open ocean altimetry}},
    year = {2014},
    journal = {Remote Sensing of Environment},
    author = {Passaro, Marcello and Cipollini, Paolo and Vignudelli, Stefano and Quartly, Graham D. and Snaith, Helen M.},
    pages = {173--189},
    volume = {145},
    publisher = {Elsevier B.V.},
    doi = {10.1016/j.rse.2014.02.008},
    issn = {00344257},
    keywords = {Coastal altimetry, Retracking, Satellite altimetry, Subwaveform retracker, Tide gauge, Validation}
}

@article{Burt1974DIURNALComp,
    title = {{DIURNAL VARIATIONS OF WINDS OVER AN REGION OFF OREGON Surface winds during upwelling off the coast of Peru have recently been described by Burt et al . ( 1973 ). In this paper , surface winds off the coast of Oregon during upwelling are described and comp}},
    year = {1974},
    author = {Burt, Wayne and Crew, Henry and Plutchak, Noel and Dumon, Jozef},
    pages = {35--45},
    volume = {6}
}

@article{Egido2017FullyApplications,
    title = {{Fully Focused SAR Altimetry: Theory and Applications}},
    year = {2017},
    journal = {IEEE Transactions on Geoscience and Remote Sensing},
    author = {Egido, Alejandro and Smith, Walter H.F.},
    number = {1},
    pages = {392--406},
    volume = {55},
    publisher = {IEEE},
    doi = {10.1109/TGRS.2016.2607122},
    issn = {01962892},
    keywords = {Altimetry, SAR altimetry, Synthetic aperture radar (SAR), delay/Doppler altimetry}
}

@article{Hayne1980RadarScattering,
    title = {{Radar Altimeter Mean Return Waveforms from Near-Normal-Incidence Ocean Surface Scattering}},
    year = {1980},
    journal = {IEEE Transactions on Antennas and Propagation},
    author = {Hayne, George S.},
    number = {5},
    pages = {687--692},
    volume = {28},
    doi = {10.1109/TAP.1980.1142398},
    issn = {15582221}
}

@article{Ray2015SARModel,
    title = {{SAR altimeter backscattered waveform model}},
    year = {2015},
    journal = {IEEE Transactions on Geoscience and Remote Sensing},
    author = {Ray, Chris and Martin-Puig, Cristina and Clarizia, Maria Paola and Ruffini, Giulio and Dinardo, Salvatore and Gommenginger, Christine and Benveniste, Jerome},
    number = {2},
    pages = {911--919},
    volume = {53},
    doi = {10.1109/TGRS.2014.2330423},
    issn = {01962892},
    keywords = {Closed-form solutions, Earth observation systems, radar remote sensing, radar signal processing, sea level, sea surface, synthetic aperture radar}
}

@article{Brown1977TheApplications,
    title = {{The Average Impulse Response of a Rough Surface and Its Applications}},
    year = {1977},
    journal = {IEEE Journal of Oceanic Engineering},
    author = {Brown, Gary S.},
    number = {1},
    pages = {67--74},
    volume = {2},
    doi = {10.1109/JOE.1977.1145328},
    issn = {15581691}
}