@article{Brandt2009,
    title = {{A cooperative multi-agency reef fish monitoring protocol for the Florida Keys coral reef ecosystem}},
    year = {2009},
    journal = {Natural resource report NPS/SFCN/NRR ; 2009/150},
    author = {Brandt, Marilyn E and Zurcher, Natalia and Acosta, Alejandro and Ault, Jerald S and Bohnsack, James a and Feeley, Michael Walter and Harper, Douglas E and Hunt, John H and Kellison, G Todd and McClellan, David B and Patterson, Matt E and Smith, Steven G and {Southeast Fisheries Science Center (U.S.)} and {Fish and Wildlife Research Institute (Florida)} and {Rosenstiel School of Marine and Atmospheric Science.} and {United States. National Park Service.}},
    number = {September 2014},
    pages = {Electronic text document (128 p.)},
    url = {http://femar.rsmas.miami.edu/Research/FLKeys%7B_%7Drvc/FLKeys%7B_%7DReef%7B_%7DFish%7B_%7Dmonitoring%7B_%7Dprotocol%7B_%7DFinal2009.pdf},
    keywords = {Coral reef conservation Florida Florida Keys., Coral reef ecology Monitoring Florida Florida Keys, Coral reef fishes Habitat Monitoring Florida Flori, Coral reef fishes Monitoring Florida Florida Keys., Coral reef management Florida Florida Keys., Corporations, Government United States., Marine ecosystem management Florida Florida Keys.}
}

@article{Neumann1957,
    title = {{A detailed comparison of theoretical wave spectra and wave forecasting methods}},
    year = {1957},
    journal = {Deutsche Hydrographische Zeitschrift},
    author = {Neumann, G. and Pierson, W. J.},
    number = {4},
    pages = {134--146},
    volume = {10},
    doi = {10.1007/BF02020059},
    issn = {00120308}
}

@misc{Gilhousen1987,
    title = {{A Field Evaluation of NDBC Moored Buoy Winds}},
    year = {1987},
    booktitle = {Journal of Atmospheric and Oceanic Technology},
    author = {Gilhousen, David B.},
    number = {1},
    pages = {94--104},
    volume = {4},
    doi = {10.1175/1520-0426(1987)004<0094:afeonm>2.0.co;2},
    issn = {0739-0572}
}

@article{Hwang1998,
    title = {{A statistical comparison of wind speed, wave height, and wave period derived from satellite altimeters and ocean buoys in the Gulf of Mexico region}},
    year = {1998},
    journal = {Journal of Geophysical Research: Oceans},
    author = {Hwang, Paul A. and Teague, William J. and Jacobs, Gregg A. and Wang, David W.},
    number = {C5},
    pages = {10451--10468},
    volume = {103},
    doi = {10.1029/98jc00197},
    issn = {21699291}
}

@article{Gourrion2002,
    title = {{A two-parameter wind speed algorithm for Ku-band altimeters}},
    year = {2002},
    journal = {Journal of Atmospheric and Oceanic Technology},
    author = {Gourrion, J. and Vandemark, Douglas C. and Bailey, S. and Chapron, B. and Gommenginger, G. P. and Challenor, P. G. and Srokosz, M. A.},
    number = {12},
    pages = {2030--2048},
    volume = {19},
    doi = {10.1175/1520-0426(2002)019<2030:ATPWSA>2.0.CO;2},
    issn = {07390572}
}

@article{Abdalla2015,
    title = {{Active techniques for wind and wave observations: radar altimeter}},
    year = {2015},
    journal = {Seminar on Use of Satellite Observations in Numerical Weather Prediction, 8-12 September 2014},
    author = {Abdalla, Saleh},
    number = {September},
    pages = {1--18},
    url = {https://www.ecmwf.int/node/7618}
}

@article{Bryant2016,
    title = {{An exploration of wind stress calculation techniques in hurricane storm surge modeling}},
    year = {2016},
    journal = {Journal of Marine Science and Engineering},
    author = {Bryant, Kyra M. and Akbar, Muhammad},
    number = {3},
    volume = {4},
    doi = {10.3390/jmse4030058},
    issn = {20771312},
    keywords = {Air-sea interaction, Air-sea momentum flux, Drag coefficient, Estuarine and coastal modeling, Hurricane intensity, Hydrodynamic modeling, Storm surge, Tropical cyclone, Wave modeling, Wind stress}
}

@article{Wang2001,
    title = {{An operational method for separating wind sea and swell from ocean wave spectra}},
    year = {2001},
    journal = {Journal of Atmospheric and Oceanic Technology},
    author = {Wang, David W. and Hwang, Paul A.},
    number = {12},
    pages = {2052--2062},
    volume = {18},
    doi = {10.1175/1520-0426(2001)018<2052:AOMFSW>2.0.CO;2},
    issn = {07390572}
}

@article{Ault2013,
    title = {{Assessing coral reef fish population and community changes in response to marine reserves in the dry tortugas, Florida, USA}},
    year = {2013},
    journal = {Fisheries Research},
    author = {Ault, Jerald S. and Smith, Steven G. and Bohnsack, James A. and Luo, Jiangang and Zurcher, Natalia and McClellan, David B. and Ziegler, Tracy A. and Hallac, David E. and Patterson, Matt and Feeley, Michael W. and Ruttenberg, Benjamin I. and Hunt, John and Kimball, Dan and Causey, Billy},
    pages = {28--37},
    volume = {144},
    publisher = {Elsevier B.V.},
    url = {http://dx.doi.org/10.1016/j.fishres.2012.10.007},
    doi = {10.1016/j.fishres.2012.10.007},
    issn = {01657836},
    keywords = {Coral reefs, Florida Keys, Lutjanus analis, Marine reserves, Mycteroperca bonaci, Sustainable fisheries}
}

@article{Sepulveda2015,
    title = {{Assessment of SARAL/AltiKa Wave Height Measurements Relative to Buoy, Jason-2, and Cryosat-2 Data}},
    year = {2015},
    journal = {Marine Geodesy},
    author = {Sepulveda, Hector Hito and Queffeulou, Pierre and Ardhuin, Fabrice},
    pages = {449--465},
    volume = {38},
    doi = {10.1080/01490419.2014.1000470},
    issn = {1521060X},
    keywords = {AltiKa, Radar altimeter, SARAL, satellite, significant wave height, validation}
}

@article{Hanson2001,
    title = {{Automated analysis of ocean surface directional wave spectra}},
    year = {2001},
    journal = {Journal of Atmospheric and Oceanic Technology},
    author = {Hanson, J. L. and Phillips, O. M.},
    number = {2},
    pages = {277--293},
    volume = {18},
    doi = {10.1175/1520-0426(2001)018<0277:AAOOSD>2.0.CO;2},
    issn = {07390572}
}

@misc{Liu1979,
    title = {{Bulk parameterization of air-sea exchanges of heat and water vapor including the molecular constraints at the interface.}},
    year = {1979},
    booktitle = {Journal of Atmospheric Sciences},
    author = {Liu, W. T. and Katsaros, K. B. and Businger, J. A.},
    number = {9},
    pages = {1722--1735},
    volume = {36},
    doi = {10.1175/1520-0469(1979)036<1722:BPOASE>2.0.CO;2},
    issn = {0022-4928}
}

@article{Young2017,
    title = {{Calibration and cross validation of a global wind and wave database of altimeter, radiometer, and scatterometer measurements}},
    year = {2017},
    journal = {Journal of Atmospheric and Oceanic Technology},
    author = {Young, Ian R. and Sanina, E. and Babanin, A. V.},
    number = {6},
    pages = {1285--1306},
    volume = {34},
    doi = {10.1175/JTECH-D-16-0145.1},
    issn = {15200426},
    keywords = {Altimetry, Remote sensing, Satellite observations, Wind, Wind waves}
}

@book{Vignudelli2011,
    title = {{Coastal altimetry}},
    year = {2011},
    booktitle = {Coastal Altimetry},
    author = {Vignudelli, Stefano and Kostianoy, Andrey G. and Cipollini, Paolo and Benveniste, Jérôme},
    isbn = {9783642127953},
    doi = {10.1007/978-3-642-12796-0}
}

@book{Thomson2014,
    title = {{Data Analysis Methods in Physical Oceanography: Third Edition}},
    year = {2014},
    booktitle = {Data Analysis Methods in Physical Oceanography: Third Edition},
    author = {Thomson, Richard E. and Emery, William J.},
    pages = {1--716},
    isbn = {9780123877833},
    doi = {10.1016/C2010-0-66362-0}
}

@misc{Hsu1994a,
    title = {{Determining the power-law wind-profile exponent under near-neutral stability conditions at sea}},
    year = {1994},
    booktitle = {Journal of Applied Meteorology},
    author = {Hsu, S. A. and Meindl, E. A. and Gilhousen, D. B.},
    number = {6},
    pages = {757--765},
    volume = {33},
    doi = {10.1175/1520-0450(1994)033<0757:DTPLWP>2.0.CO;2},
    issn = {08948763}
}

@misc{Hsu1994,
    title = {{Determining the powerlaw exponent under near neutral stability conditions at sea}},
    year = {1994},
    booktitle = {Journal of Applied Meterology},
    author = {Hsu, S A},
    number = {6},
    pages = {757--765},
    volume = {33}
}

@article{Hallac2013,
    title = {{Development of a collaborative science plan to evaluate the conservation efficacy of a no-fishing, no-anchor marine reserve in Dry Tortugas National Park, Florida, USA}},
    year = {2013},
    journal = {Fisheries Research},
    author = {Hallac, David E. and Hunt, John H. and Morrison, Douglas and Clarke, Alice and Ziegler, Tracy A. and Sharp, William C. and Johnson, Robert},
    pages = {15--22},
    volume = {144},
    publisher = {Elsevier B.V.},
    url = {http://dx.doi.org/10.1016/j.fishres.2012.09.014},
    doi = {10.1016/j.fishres.2012.09.014},
    issn = {01657836},
    keywords = {Connectivity, Fisheries conservation, Florida Keys, Marine reserve}
}

@book{Robinson2010,
    title = {{Discovering the Ocean from Space}},
    year = {2010},
    booktitle = {Discovering the Ocean from Space},
    author = {Robinson, Ian S.},
    isbn = {9783540244301},
    doi = {10.1007/978-3-540-68322-3}
}

@article{Ribal2019,
    title = {{Erratum: Publisher Correction: 33 years of globally calibrated wave height and wind speed data based on altimeter observations (Scientific data (2019) 6 1 (77))}},
    year = {2019},
    journal = {Scientific data},
    author = {Ribal, Agustinus and Young, Ian R.},
    number = {1},
    pages = {100},
    volume = {6},
    isbn = {4159701900839},
    doi = {10.1038/s41597-019-0108-4},
    issn = {20524463}
}

@article{Special2010,
    title = {{Evaluation of Wind Statistics and Energy Resources in Southern RI Coastal Waters}},
    year = {2010},
    author = {Grilli, A., Spaulding, M.L., Crosby, A. and Sharma, R.},
    pages = {1--52},
    url = {https://seagrant.gso.uri.edu/oceansamp/pdf/appendix/20-AGrilliEvalWindStat.pdf}
}

@book{Fingas2014,
    title = {{Handbook of Oil Spill Science and Technology}},
    year = {2015},
    booktitle = {Handbook of Oil Spill Science and Technology},
    author = {Fingas, Merv},
    editor = {Fingas, Merv},
    month = {11},
    pages = {1--693},
    publisher = {John Wiley {\&} Sons, Inc},
    url = {http://doi.wiley.com/10.1002/9781118989982},
    address = {Hoboken, NJ},
    isbn = {9781118989982},
    doi = {10.1002/9781118989982}
}

@article{Gilhousen2001,
    title = {{Improved estimates of swell from moored buoys}},
    year = {2001},
    journal = {Proceedings of the International Symposium on Ocean Wave Measurement and Analysis},
    author = {Gilhousen, David B. and Hervey, Rex},
    number = {2001},
    pages = {387--393},
    volume = {1},
    doi = {10.1061/40604(273)40}
}

@article{Boas2019,
    title = {{Integrated observations of global surface winds, currents, and waves: Requirements and challenges for the next decade}},
    year = {2019},
    journal = {Frontiers in Marine Science},
    author = {B{\^{o}}as, Ana B.Villas and Ardhuin, Fabrice and Ayet, Alex and Bourassa, Mark A. and Brandt, Peter and Chapron, Betrand and Cornuelle, Bruce D. and Farrar, J. T. and Fewings, Melanie R. and Fox-Kemper, Baylor and Gille, Sarah T. and Gommenginger, Christine and Heimbach, Patrick and Hell, Momme C. and Li, Qing and Mazloff, Matthew R. and Merrifield, Sophia T. and Mouche, Alexis and Rio, Marie H. and Rodriguez, Ernesto and Shutler, Jamie D. and Subramanian, Aneesh C. and Terrill, Eric J. and Tsamados, Michel and Ubelmann, Clement and Sebille, Erik van},
    number = {JUL},
    pages = {1--34},
    volume = {6},
    doi = {10.3389/fmars.2019.00425},
    issn = {22967745},
    keywords = {Absolute surface velocity, Air-sea interactions, Doppler oceanography from space, Ocean surface winds, Surface waves}
}

@article{Tbd2018,
    title = {{Jason-3 Products Handbook}},
    year = {2018},
    author = {Picot, N.; Marechal, C.; Couhert, A.; Desai, S.; Scharroo, R; Egido, A.}
}

@article{Abdalla2007,
    title = {{Ku-Band radar altimeter surface wind speed algorithm, ECMWF Technical Memoranda A 524}},
    year = {2007},
    author = {Abdalla, S.},
    number = {April},
    pages = {1--16},
    doi = {10.1080/01490419.2012.718676}
}

@misc{Lygre1986,
    title = {{Maximum Entropy Estimation of the Directional Distribution in Ocean Wave Spectra}},
    year = {1986},
    booktitle = {Journal of Physical Oceanography},
    author = {Lygre, Asle and Krogstad, Harald E.},
    number = {12},
    pages = {2052--2060},
    volume = {16},
    doi = {10.1175/1520-0485(1986)016<2052:meeotd>2.0.co;2},
    issn = {0022-3670}
}

@article{Cox1954,
    title = {{Measurement of the Roughness of the Sea Surface from Photographs of the Sun’s Glitter}},
    year = {1954},
    journal = {Journal of the Optical Society of America},
    author = {Cox, Charles and Munk, Walter},
    number = {11},
    pages = {838},
    volume = {44},
    doi = {10.1364/josa.44.000838},
    issn = {0030-3941}
}

@book{Hauser2005,
    title = {{Measuring and analysing the directional spectra of ocean waves - Cost Action 714}},
    year = {2005},
    author = {Hauser, Danièle and Kahma, Kimmo and Krogstad, Harald E and Lehner, Susanne and Monbaliu, Jaak A J and Wyatt, Lucy R},
    isbn = {9289800038}
}

@book{LiuYonggangMacFadyenAmyJiZhen-GangWeisberg2011,
    title = {{Monitoring and modeling the Deepwater Horizon oil spill: A record breaking enterprise}},
    year = {2013},
    booktitle = {Monitoring and Modeling the Deepwater Horizon Oil Spill: A Record Breaking Enterprise},
    author = {Liu, Yonggang and MacFadyen, Amy and Ji, Zhen Gang and Weisberg, Robert H.},
    editor = {Liu, Yonggang and MacFadyen, Amy and Ji, Zhen-Gang and Weisberg, Robert H.},
    pages = {1--271},
    series = {Geophysical Monograph Series},
    volume = {195},
    publisher = {American Geophysical Union},
    url = {http://doi.wiley.com/10.1029/GM195},
    address = {Washington, D. C.},
    isbn = {9781118666753},
    doi = {10.1029/GM195}
}

@article{Service2018,
    title = {{Natural Resource Condition Assessment Olympic National Park}},
    year = {2018},
    author = {Service, National Park},
    number = {November}
}

@article{Earle1996,
    title = {{Nondirectional and Directional Wave Dat Analysis Procedures. NDBC Technical Document 96-01}},
    year = {1996},
    author = {Earle, M D},
    number = {January},
    volume = {002}
}

@article{Ardhuin2019,
    title = {{Observing sea states}},
    year = {2019},
    journal = {Frontiers in Marine Science},
    author = {Ardhuin, Fabrice and Stopa, Justin E. and Chapron, Bertrand and Collard, Fabrice and Husson, Romain and Jensen, Robert E. and Johannessen, Johnny and Mouche, Alexis and Passaro, Marcello and Quartly, Graham D. and Swail, Val and Young, Ian},
    number = {APR},
    pages = {1--29},
    volume = {6},
    doi = {10.3389/fmars.2019.00124},
    issn = {22967745},
    keywords = {Altimeter, Buoy, Microseisms, Remote sensing, SAR, Sea state, Swell, Waves}
}

@article{Lillibridge2014,
    title = {{One-and two-dimensional wind speed models for ka-band altimetry}},
    year = {2014},
    journal = {Journal of Atmospheric and Oceanic Technology},
    author = {Lillibridge, John and Scharroo, Remko and Abdalla, Saleh and Vandemark, Doug},
    number = {3},
    pages = {630--638},
    volume = {31},
    doi = {10.1175/JTECH-D-13-00167.1},
    issn = {15200426}
}

@article{Andreas2007,
    title = {{Predicting significant wave height off the northeast coast of the United States}},
    year = {2007},
    journal = {Ocean Engineering},
    author = {Andreas, Edgar L. and Wang, Sinny},
    number = {8-9},
    pages = {1328--1335},
    volume = {34},
    doi = {10.1016/j.oceaneng.2006.08.004},
    issn = {00298018},
    keywords = {Buoy data, Fully developed sea, Ocean waves, Significant wave height, Wave modeling}
}

@article{Carter1982,
    title = {{Prediction of wave height and period for a constant wind velocity using the JONSWAP results}},
    year = {1982},
    journal = {Ocean Engineering},
    author = {Carter, D. J.T.},
    doi = {10.1016/0029-8018(82)90042-7},
    issn = {00298018}
}

@article{Meinig2019,
    title = {{Public private partnerships to advance regional ocean observing capabilities: A saildrone and NOAA-PMEL case study and future considerations to expand to global scale observing}},
    year = {2019},
    journal = {Frontiers in Marine Science},
    author = {Meinig, Christian and Burger, Eugene F. and Cohen, Nora and Cokelet, Edward D. and Cronin, Meghan F. and Cross, Jessica N. and De Halleux, Sebastien and Jenkins, Richard and Jessup, Andrew T. and Mordy, Calvin W. and Lawrence-Slavas, Noah and Sutton, Adrienne J. and Zhang, Dongxiao and Zhang, Chidong},
    doi = {10.3389/fmars.2019.00448},
    issn = {22967745},
    keywords = {Autonomous surface platform, Essential climate variables (ECVs), Global observing system, NOAA, Ocean observation, PMEL, Public Private Partnership (PPP), Saildrone, Surface essential ocean variables, Unmanned surface vehicle (USV)}
}

@book{OB2011,
    title = {{Range and geophysical corrections in coastal regions: and implications for mean sea surface determination}},
    year = {2011},
    booktitle = {Coastal Altimetry},
    author = {OB, Andersen and R, Scharroo},
    pages = {19--50},
    url = {http://weekly.cnbnews.com/news/article.html?no=124000},
    isbn = {9783642127953}
}

@book{Stammer2017,
    title = {{Satellite altimetry over oceans and land surfaces}},
    year = {2017},
    booktitle = {Satellite Altimetry Over Oceans and Land Surfaces},
    author = {Stammer, Detlef and Cazenave, Anny},
    isbn = {9781498743464},
    doi = {10.1201/9781315151779}
}

@article{Echevarria2019,
    title = {{Seasonal Variability of the Global Spectral Wind Wave Climate}},
    year = {2019},
    journal = {Journal of Geophysical Research: Oceans},
    author = {Echevarria, E. R. and Hemer, M. A. and Holbrook, N. J.},
    number = {4},
    pages = {2924--2939},
    volume = {124},
    doi = {10.1029/2018JC014620},
    issn = {21699291},
    keywords = {CAWCR wave hindcast, EOF, directional wave spectra, global wave climate, seasonal variability, wave modes}
}

@article{Leifer2012,
    title = {{State of the art satellite and airborne marine oil spill remote sensing: Application to the BP Deepwater Horizon oil spill}},
    year = {2012},
    journal = {Remote Sensing of Environment},
    author = {Leifer, Ira and Lehr, William J. and Simecek-Beatty, Debra and Bradley, Eliza and Clark, Roger and Dennison, Philip and Hu, Yongxiang and Matheson, Scott and Jones, Cathleen E. and Holt, Benjamin and Reif, Molly and Roberts, Dar A. and Svejkovsky, Jan and Swayze, Gregg and Wozencraft, Jennifer},
    pages = {185--209},
    volume = {124},
    publisher = {Elsevier Inc.},
    url = {http://dx.doi.org/10.1016/j.rse.2012.03.024},
    doi = {10.1016/j.rse.2012.03.024},
    issn = {00344257},
    keywords = {AVIRIS, Airborne remote sensing, CALIPSO, Deepwater Horizon, Expert system, False positives, Fire, Hyperspectral, Laser fluorescence, Lidar, MODIS, Multispectral, Near infrared, Oil slick thickness, Oil spill, Oil water emulsions, Operational readiness, Remote sensing, Satellite, Spill response, Synthetic aperture radar, Technology readiness, Thermal infrared, UAVSAR, Visible spectrum}
}

@article{Quilfen2018,
    title = {{Storm waves focusing and steepening in the Agulhas current: Satellite observations and modeling}},
    year = {2018},
    journal = {Remote Sensing of Environment},
    author = {Quilfen, Y. and Yurovskaya, M. and Chapron, B. and Ardhuin, F.},
    number = {July},
    pages = {561--571},
    volume = {216},
    publisher = {Elsevier},
    url = {https://doi.org/10.1016/j.rse.2018.07.020},
    doi = {10.1016/j.rse.2018.07.020},
    issn = {00344257},
    keywords = {Extreme waves, SAR, Satellite altimeter, Wave-current interactions}
}

@article{Thomson2017,
    title = {{Sustained Measurements of Southern Ocean Air-Sea Coupling from a Wave Glider Autonomous Surface Vehicle}},
    year = {2017},
    journal = {Oceanography},
    author = {Thomson, Jim and Girton, James},
    number = {2},
    month = {6},
    pages = {104--109},
    volume = {30},
    url = {https://tos.org/oceanography/article/sustained-measurements-of-southern-ocean-air-sea-coupling-from-a-wave-glide},
    doi = {10.5670/oceanog.2017.228},
    issn = {10428275}
}

@article{DeFarias2012,
    title = {{Swell and Wind-Sea Distributions over the Mid-Latitude and Tropical North Atlantic for the Period 2002–2008}},
    year = {2012},
    journal = {International Journal of Oceanography},
    author = {de Farias, Eduardo G. G. and Lorenzzetti, João A. and Chapron, Bertrand},
    pages = {1--8},
    volume = {2012},
    doi = {10.1155/2012/306723},
    issn = {1687-9406}
}

@incollection{ODonnell2014,
    title = {{The Physical Oceanography of Long Island Sound}},
    year = {2014},
    booktitle = {Long Island Sound: Prospects for the Urban Sea},
    author = {O'Donnell, James and Wilson, Robert E and Lwiza, Kamazima and Whitney, Michael and Bohlen, W Frank and Codiga, Daniel and Fribance, Diane B and Fake, Todd and Bowman, Malcolm and Varekamp, Johan},
    editor = {Latimer, James S and Tedesco, Mark A and Swanson, R Lawrence and Yarish, Charles and Stacey, Paul E and Garza, Corey},
    pages = {79--158},
    publisher = {Springer New York},
    url = {https://doi.org/10.1007/978-1-4614-6126-5_3},
    address = {New York, NY},
    isbn = {978-1-4614-6126-5},
    doi = {10.1007/978-1-4614-6126-5{\_}3}
}

@article{Earle1999,
    title = {{Use of advanced directional wave spectra analysis methods}},
    year = {1999},
    journal = {Ocean Engineering},
    author = {Earle, M. D. and Steele, K. E. and Wang, D. W.C.},
    number = {12},
    pages = {1421--1434},
    volume = {26},
    isbn = {1703620585},
    doi = {10.1016/S0029-8018(99)00010-4},
    issn = {00298018},
    keywords = {Buoys, Wave data, Wave spectra}
}

@article{Cavaleri2018,
    title = {{Wave modelling in coastal and inner seas}},
    year = {2018},
    journal = {Progress in Oceanography},
    author = {Cavaleri, L. and Abdalla, S. and Benetazzo, A. and Bertotti, L. and Bidlot, J. R. and {Breivik} and Carniel, S. and Jensen, R. E. and Portilla-Yandun, J. and Rogers, W. E. and Roland, A. and Sanchez-Arcilla, A. and Smith, J. M. and Staneva, J. and Toledo, Y. and van Vledder, G. Ph and van der Westhuysen, A. J.},
    number = {September 2017},
    pages = {164--233},
    volume = {167},
    doi = {10.1016/j.pocean.2018.03.010},
    issn = {00796611},
    keywords = {Water waves, Wave dynamics, Wave forecasting, Wave measurements, Wave-current interactions, Wind-wave interactions}
}

@article{Passaro2014ALES:Altimetry,
    title = {{ALES: A multi-mission adaptive subwaveform retracker for coastal and open ocean altimetry}},
    year = {2014},
    journal = {Remote Sensing of Environment},
    author = {Passaro, Marcello and Cipollini, Paolo and Vignudelli, Stefano and Quartly, Graham D. and Snaith, Helen M.},
    pages = {173--189},
    volume = {145},
    publisher = {Elsevier B.V.},
    url = {http://dx.doi.org/10.1016/j.rse.2014.02.008},
    doi = {10.1016/j.rse.2014.02.008},
    issn = {00344257},
    keywords = {Coastal altimetry, Retracking, Satellite altimetry, Subwaveform retracker, Tide gauge, Validation}
}

@article{Burt1974DIURNALComp,
    title = {{DIURNAL VARIATIONS OF WINDS OVER AN REGION OFF OREGON Surface winds during upwelling off the coast of Peru have recently been described by Burt et al . ( 1973 ). In this paper , surface winds off the coast of Oregon during upwelling are described and comp}},
    year = {1974},
    author = {Burt, Wayne and Crew, Henry and Plutchak, Noel and Dumon, Jozef},
    pages = {35--45},
    volume = {6}
}

@misc{DoHour,
    title = {{Do NDBC's meteorological and oceanographic sensors measure data for the entire hour?}},
    url = {https://www.ndbc.noaa.gov/acq.shtml}
}

@article{Raynal2018FromMission,
    title = {{From conventional to Delay Doppler altimetry: A demonstration of continuity and improvements with the Cryosat-2 mission}},
    year = {2018},
    journal = {Advances in Space Research},
    author = {Raynal, M. and Labroue, S. and Moreau, T. and Boy, F. and Picot, N.},
    number = {6},
    pages = {1564--1575},
    volume = {62},
    doi = {10.1016/j.asr.2018.01.006},
    issn = {18791948},
    keywords = {CalVal, Cryosat-2, Delay Doppler altimetry, Open ocean, SARM altimetry}
}

@article{Egido2017FullyApplications,
    title = {{Fully Focused SAR Altimetry: Theory and Applications}},
    year = {2017},
    journal = {IEEE Transactions on Geoscience and Remote Sensing},
    author = {Egido, Alejandro and Smith, Walter H.F.},
    number = {1},
    pages = {392--406},
    volume = {55},
    publisher = {IEEE},
    doi = {10.1109/TGRS.2016.2607122},
    issn = {01962892},
    keywords = {Altimetry, SAR altimetry, Synthetic aperture radar (SAR), delay/Doppler altimetry}
}

@article{Carter1982PredictionFormulae,
    title = {{Prediction of wave height and period for a constant wind velocity using the JONSWAP formulae}},
    year = {1982},
    journal = {Ocean Engineering},
    author = {Carter, D. J. T.},
    number = {l},
    pages = {17--33},
    volume = {9}
}

@article{Hayne1980RadarScattering,
    title = {{Radar Altimeter Mean Return Waveforms from Near-Normal-Incidence Ocean Surface Scattering}},
    year = {1980},
    journal = {IEEE Transactions on Antennas and Propagation},
    author = {Hayne, George S.},
    number = {5},
    pages = {687--692},
    volume = {28},
    doi = {10.1109/TAP.1980.1142398},
    issn = {15582221}
}

@article{Ray2015SARModel,
    title = {{SAR altimeter backscattered waveform model}},
    year = {2015},
    journal = {IEEE Transactions on Geoscience and Remote Sensing},
    author = {Ray, Chris and Martin-Puig, Cristina and Clarizia, Maria Paola and Ruffini, Giulio and Dinardo, Salvatore and Gommenginger, Christine and Benveniste, Jerome},
    number = {2},
    pages = {911--919},
    volume = {53},
    doi = {10.1109/TGRS.2014.2330423},
    issn = {01962892},
    keywords = {Closed-form solutions, Earth observation systems, radar remote sensing, radar signal processing, sea level, sea surface, synthetic aperture radar}
}

@article{Brown1977TheApplications,
    title = {{The Average Impulse Response of a Rough Surface and Its Applications}},
    year = {1977},
    journal = {IEEE Journal of Oceanic Engineering},
    author = {Brown, Gary S.},
    number = {1},
    pages = {67--74},
    volume = {2},
    doi = {10.1109/JOE.1977.1145328},
    issn = {15581691}
}

@article{KeithRaney1998TheAltimeter,
    title = {{The delay/doppler radar altimeter}},
    year = {1998},
    journal = {IEEE Transactions on Geoscience and Remote Sensing},
    author = {Keith Raney, R.},
    number = {5 PART 1},
    pages = {1578--1588},
    volume = {36},
    doi = {10.1109/36.718861},
    issn = {01962892},
    keywords = {Doppler beam sharpening, Radar altimeter, Synthetic aperture radar}
}

@article{Taylor2001TheWaves,
    title = {{The Dependence of Sea Surface Roughness on the Height and Steepness of the Waves}},
    year = {2001},
    journal = {Journal of Physical Oceanography},
    author = {Taylor, Peter K. and Yelland, Margaret J.},
    number = {2},
    pages = {572--590},
    volume = {31},
    url = {http://journals.ametsoc.org/doi/abs/10.1175/1520-0485%282001%29031%3C0572%3ATDOSSR%3E2.0.CO%3B2},
    doi = {10.1175/1520-0485(2001)031<0572:TDOSSR>2.0.CO;2},
    issn = {0022-3670}
}